1897 3287
860 189 916 206 ,,
1018 111 1322 200 *maske*

270 215 357 259 130
444 216 474 225 ”
880 227 924 259 T.
964 226 1119 260 Lim.
1164 204 1196 251 ’τ’

264 357 400 387 cursu
423 341 482 387 ad
504 342 747 388 clamorem
779 341 915 397 facto,
952 341 1334 404 comprehensum
1367 339 1480 402 regii
1513 339 1732 389 satellites

263 407 572 461 retraxissent,
600 415 705 452 ante
728 406 929 452 tribunal
951 407 1072 468 regis
1089 405 1383 460 destitutusss,
1409 414 1510 451 tum
1535 422 1729 468 quoque,

262 471 383 517 inter
404 478 556 517 tantas
578 471 776 517 fortunae
797 472 961 533 minas,
986 469 1261 516 metuendus
1282 471 1443 532 magis,
1469 473 1606 532 quam
1638 486 1732 517 me-

263 541 413 590 tuenS,
470 542 500 561 “
525 537 762 581 Romanus
786 535 936 590 sum,''
974 534 1137 594 inquit,
1179 540 1210 559 “
1233 534 1359 580 civis.
1429 534 1483 581 C.
1521 534 1732 580 Mucium

267 606 297 625 “
319 605 500 646 vocant.
537 600 703 646 Hostis
725 600 908 645 hostem
932 599 1135 645 occidere
1157 597 1304 654 volui,
1337 613 1423 645 nec
1445 598 1504 644 ad
1536 605 1733 645 mortem

266 669 298 690 “
319 665 474 710 minus
492 665 634 710 animi
649 671 732 718 est,
755 680 891 725 quam
905 662 994 708 fuit
1012 662 1070 708 ad
1087 661 1276 710 caedem.
1334 662 1397 709 Et
1410 663 1556 710 facere
1575 671 1620 709 et
1636 663 1734 726 pati

267 735 298 754 “
319 729 507 783 fortiam,
535 730 796 774 Romanum
820 734 905 773 est.
975 727 1075 773 Nec
1096 743 1217 772 unus
1239 727 1289 772 in
1320 734 1366 773 te
1402 743 1485 789 ego
1518 728 1605 773 hos
1639 728 1734 774 ani-

268 799 297 818 “
322 810 421 838 mos
445 794 594 854 gessi:
633 793 798 853 longus
819 798 928 853 post
960 807 1035 837 me
1070 791 1181 838 ordo
1215 799 1286 837 est
1317 791 1440 838 idem
1473 792 1733 864 petentium

266 863 297 883 “
321 858 475 903 decus.
545 856 776 902 Proinde
764 872 813 901 in
836 856 924 901 hoc
947 847 1205 910 discriffie'ii,
1233 855 1272 901 si
1297 855 1441 917 juvat,
1479 857 1729 918 accingere,

267 928 298 946 “
321 932 371 967 ut
393 923 442 967 in
466 921 669 982 singulas
693 921 829 966 horas
852 920 1002 983 capite
1025 919 1249 966 dimices¹³
1283 927 1394 966 tuo:
1432 921 1602 966 ferrum
1609 892 1731 967 ehos-

268 993 299 1011 “
322 996 504 1047 temque
527 986 576 1030 in
598 985 823 1030 vestibulo
846 983 1016 1031 habeas
1038 984 1193 1047 regiae.
1263 984 1368 1031 Hoc
1401 984 1486 1030 tibi
1512 985 1732 1047 juventus

269 1058 298 1075 ‘⁶
323 1052 531 1097 Romana
570 1049 815 1096 indicimus
862 1049 1050 1096 bellum.
1120 1048 1310 1095 Nullam
1352 1049 1510 1103 aciem,
1552 1049 1731 1095 nullum

269 1115 549 1177 “praelium,
571 1114 794 1160 timueris.
817 1114 912 1160 Uni
930 1114 1029 1169 tibi,
1052 1120 1097 1160 et
1114 1129 1219 1159 cum
1239 1114 1444 1175 singulis,
1465 1130 1538 1159 res
1561 1114 1694 1170 erit¹⁴‚
1699 1115 1728 1134 ''

267 1180 424 1233 Quum
448 1195 542 1233 rex,
570 1169 738 1224 simu]
741 1178 806 1224 ira
845 1179 1072 1233 incensus,
1114 1178 1405 1241 periculoque
1439 1178 1729 1233 conterritus,

264 1244 534 1290 ciicumdari
555 1243 721 1305 ignes¹⁵
746 1243 1091 1288 minitabundus
1108 1243 1303 1304 juberet,
1340 1243 1430 1288 nisi
1447 1250 1733 1304 expromeret

263 1311 468 1370 propere,
497 1324 608 1370 quas
631 1308 900 1353 insidiarum
925 1308 1012 1353 sibi
1033 1308 1181 1353 minas
1197 1323 1280 1369 per
1312 1308 1526 1369 ambages
1544 1307 1728 1369 Jaceret,

268 1379 297 1398 “
322 1373 396 1419 En
418 1372 551 1427 tibi,''
577 1373 740 1434 inquit,
771 1378 801 1397 “
818 1380 870 1418 ut
889 1373 1072 1425 sentias,
1091 1375 1226 1434 quam
1243 1372 1329 1418 vile
1363 1388 1528 1434 corpus
1569 1372 1628 1417 sit
1656 1372 1728 1427 iis,

268 1444 298 1462 “
321 1437 400 1500 qui
421 1453 637 1499 magnam
661 1437 852 1498 gloriam
874 1435 1065 1482 videntffi
1084 1438 1127 1482 :''
1156 1437 1452 1498 dextramque
1467 1452 1655 1483 accenso
1674 1437 1734 1483 ad

265 1502 536 1548 sacrificium
559 1502 709 1565 foculo
732 1502 894 1563 injicit.
933 1502 1084 1556 Quam
1124 1517 1265 1562 quum
1297 1502 1422 1546 velut
1445 1501 1641 1547 alienato
1675 1502 1732 1548 ab

267 1583 406 1612 sensu
446 1574 640 1612 torreret
690 1566 857 1620 auimo,
909 1569 1054 1628 prope
1088 1565 1347 1611 attonitus17
1382 1566 1600 1611 miraculo
1633 1582 1728 1621 rex,

265 1647 407 1692 quum
431 1631 486 1676 ab
511 1630 618 1676 sede
649 1633 728 1675 sua
760 1630 1060 1691 prosiluisset,
1103 1630 1389 1692 amoverique
1423 1631 1478 1675 ab
1512 1630 1732 1676 altaribus

259 1696 475 1757 juvenem
485 1694 723 1768 jussisset,
754 1701 784 1719 “
807 1695 880 1740 Tu
902 1694 1007 1740 vero
1030 1695 1152 1750 abi,’'
1179 1695 1345 1756 inquit,
1375 1700 1407 1720 “
1424 1695 1473 1739 in
1496 1701 1541 1740 te
1563 1711 1727 1756 mag1s,

270 1766 299 1784 ‘⁶
324 1763 460 1820 quam
482 1760 532 1805 in
559 1775 647 1814 me,
685 1759 873 1805 hostilia
905 1775 1059 1805 ausus.
1130 1759 1349 1806 Juberem
1381 1766 1530 1806 macte
1562 1759 1731 1806 virtute

270 1830 300 1849 “
323 1823 478 1879 essem,
541 1824 580 1870 si
617 1841 701 1885 pro
736 1827 837 1869 mea
881 1825 1029 1897 patria
1065 1823 1155 1869 ista
1186 1824 1331 1869 virtus
1367 1807 1532 1870 staret.
1591 1824 1731 1870 Nunc

270 1889 418 1950 “jure
457 1888 564 1934 belli
598 1889 794 1934 liberum
809 1887 843 1916 ¹9
880 1897 939 1943 te,
965 1889 1189 1934 intactum
1213 1888 1584 1950 inviolatumque,
1621 1889 1730 1935 hinc

270 1960 298 1978 “
324 1953 555 1998 dimitto.”
626 1953 747 1998 Tum
785 1953 985 2007 Mucius,
1014 1953 1144 2015 quasi
1178 1969 1473 1999 remunerans
1496 1953 1726 2008 meritum,

271 2029 299 2042 ‘¹
326 2017 757 2079 Quandoquidem,’'
797 2018 960 2079 inquit,
992 2023 1107 2063 “est
1143 2017 1267 2078 apud
1301 2024 1346 2063 te
1368 2017 1527 2063 virtuti
1563 2017 1726 2072 honos,

271 2088 301 2106 “
323 2090 375 2128 ut
410 2083 629 2128 beneficio
668 2082 827 2128 tuleris
858 2085 883 2127 a
910 2098 997 2137 me,
1042 2081 1163 2143 quod
1201 2082 1339 2127 minis
1375 2082 1590 2144 nequisti,
1640 2090 1729 2128 tre-

271 2153 301 2171 “
325 2147 445 2192 centi
481 2147 816 2208 conjuravimus
854 2146 1083 2208 principes
1113 2146 1368 2208 juventutis
1406 2147 1643 2201 Romanae,
1677 2154 1730 2192 ut

270 2217 298 2236 “
323 2212 371 2257 in
409 2218 456 2257 te
493 2210 579 2257 hae
617 2212 689 2256 via
729 2227 1054 2273 grassaremur.
1140 2210 1251 2256 Mea
1287 2211 1437 2272 prima
1481 2227 1578 2256 sors
1622 2211 1726 2257 fuit.

270 2282 300 2301 “
325 2275 491 2330 Ceteri,
517 2283 570 2321 ut
593 2277 753 2337 cuique
776 2275 986 2322 ceciderit
1003 2276 1165 2337 primo,
1187 2275 1395 2337 quoadte
1418 2283 1728 2337 opportunum

271 2346 301 2365 ‘⁶
323 2341 509 2386 fortuna
531 2340 705 2386 dederit
715 2341 768 2395 ²⁰,
803 2357 885 2386 suo
909 2341 1098 2403 quisque
1121 2350 1338 2402 tempore,
1365 2339 1607 2385 aderunt.”

332 2405 477 2450 XIII.
515 2405 727 2450 Mucium
777 2404 1033 2459 dimissum,
1080 2405 1153 2451 cui
1196 2412 1356 2466 postea
1407 2403 1664 2450 Scaevolae2¹
1703 2408 1729 2449 a

267 2469 393 2515 clade
417 2469 589 2515 dextrae
611 2469 774 2515 manus
799 2479 1050 2531 cognomen
1082 2469 1296 2523 inditum,
1320 2468 1458 2530 legati
1481 2470 1507 2513 a
1528 2468 1730 2514 Porsena

269 2535 467 2580 Romam
492 2534 634 2580 secuti
658 2542 780 2579 sunt.
849 2534 980 2579 Adeo
1001 2540 1205 2579 moverat
1236 2549 1340 2579 eum
1364 2539 1409 2578 et
1440 2532 1578 2593 primi
1611 2533 1728 2594 peri-

269 2598 358 2644 culi
382 2615 526 2652 casus,
554 2614 643 2659 quo
675 2597 792 2643 nihil
831 2614 878 2644 se
913 2606 1081 2659 praeter
1104 2613 1301 2644 errorem
1330 2596 1610 2642 insidiatoris
1632 2606 1728 2642 tex-

265 2664 436 2718 isset²²‚
492 2671 537 2708 et
593 2662 829 2708 subeunda
878 2662 1108 2708 dimicatio
1155 2662 1305 2718 totieS‚
1352 2668 1463 2723 quot
1505 2661 1728 2723 conjurati

270 2734 583 2793 superessent,
603 2734 655 2772 ut
687 2727 813 2788 pacis
847 2726 1129 2772 conditiones
1161 2726 1283 2771 ultro
1316 2725 1453 2771 ferret
1487 2726 1729 2772 RomaniS.

271 2793 299 2837 J
304 2799 503 2838 actatum
530 2791 580 2837 in
617 2791 953 2837 conditionibus
987 2791 1290 2863 nequicquam
1319 2790 1375 2836 de
1397 2790 1691 2852 Tarquiniis'
1678 2806 1727 2835 m

268 2871 459 2917 regnum
497 2855 807 2910 restituendis,
849 2855 996 2917 magis
1033 2855 1139 2917 quia
1167 2855 1216 2901 id
1250 2870 1416 2917 negare
1446 2854 1548 2918 ipse
1569 2854 1725 2916 nequi-

268 2931 394 2966 verat
416 2921 689 2983 Tarquiniis,
718 2923 853 2983 quam
871 2919 993 2982 quod
1014 2926 1266 2991 negatum
1247 2920 1305 2966 iri
1327 2919 1414 2968 sibi
1429 2919 1488 2968 ab
1506 2917 1726 2967 Romanis
