1897 3287
286 238 346 283 58
890 251 937 284 T.
973 251 1126 284 mvn.

285 371 332 408 et
354 369 502 410 cetera
517 362 749 426 juventus
820 364 949 420 Inde,
975 365 1076 427 pari
1108 363 1325 427 praesidio
1346 363 1502 411 relicto
1526 362 1735 412 Collatiae

286 427 343 473 ad
377 428 571 489 portas74
570 463 584 482 ,
616 427 970 501 custodibusque
1007 430 1141 484 datis,
1179 445 1237 475 ne
1272 429 1374 491 quis
1410 445 1517 475 eum
1554 436 1734 475 motum

286 492 510 554 regibus7³
533 493 781 548 nunciaret,
819 493 957 539 ceteri
989 493 1166 547 armati,
1204 492 1318 539 duce
1350 493 1510 548 Bruto,
1538 493 1734 540 Romam

286 556 494 617 profecti.
563 556 656 602 Ubi
678 557 730 602 οὸ
750 565 937 603 ventum
960 565 1042 613 est,
1070 573 1335 619 quacunque
1350 557 1533 613 incedit,
1560 564 1735 603 armata

287 620 534 667 multitudo
588 637 801 694 pavorem
841 638 892 667 ac
930 622 1181 667 tumultum
1224 621 1350 667 facit.
1420 622 1613 676 Rursus,
1652 622 1734 667 ubi

285 685 457 732 anteire
492 684 713 747 primores
748 685 984 731 civitatis76
1019 686 1188 740 vident,
1237 685 1452 747 quicquid
1496 686 1569 740 sit,
1605 685 1732 732 haud

284 750 475 796 temere7
481 749 496 774 7
530 765 629 795 0330
650 758 821 795 rentur.
890 750 988 796 Nec
1020 750 1244 796 minorem
1276 758 1453 796 motum
1477 750 1732 796 animorum

285 814 447 860 Romae
469 820 564 859 tam
588 821 717 859 atrox
738 830 809 859 res
824 813 947 869 facit,
976 817 1111 876 quam
1136 813 1343 860 Collatiae
1365 814 1549 860 fecerat.
1608 813 1732 876 Ergo

284 894 340 924 ex
361 879 572 924 omnibus
605 878 716 924 10013
751 878 877 924 1111113
914 879 964 923 111
1000 878 1149 924 forum
1189 878 1399 924 curritur.
1469 878 1572 933 Quo
1595 878 1732 924 simul

282 951 469 989 ventum
492 951 574 996 est,
613 958 763 1003 praeco
787 942 846 987 ad
878 943 1113 988 tribunum
1137 941 1404 997 Celerumw,
1429 941 1479 987 in
1517 958 1606 1004 quo
1629 951 1730 988 tum

282 1008 553 1069 magistram
575 1006 694 1051 forte
722 1006 895 1051 Brutus
930 1014 1038 1061 erat,
1077 1007 1301 1068 populum
1336 1006 1586 1052 advocavit.
1656 1006 1730 1052 Ibi

281 1072 425 1117 oratio
460 1070 630 1124 habita,
657 1087 942 1132 nequaquam
967 1071 1063 1133 ejus
1086 1071 1283 1133 pectoris
1306 1071 1578 1133 ingeniique,
1606 1071 1727 1132 quod

281 1136 544 1181 simulatum
569 1135 627 1180 ad
660 1151 759 1181 eam
799 1135 919 1181 diem
948 1135 1108 1191 fuerat,
1147 1134 1202 1182 de
1234 1136 1279 1181 1-1
1313 1152 1365 1181 30
1398 1134 1586 1182 libidine
1622 1135 1726 1181 Sex.

279 1199 526 1261 Tarquinii,
589 1199 643 1245 de
689 1208 847 1260 stupro
890 1200 1078 1245 infando
1123 1200 1350 1246 Lucretiae
1394 1206 1439 1245 et
1482 1200 1731 1246 miserabili

280 1264 415 1319 caede,
456 1263 511 1309 de
545 1264 738 1310 orbitate
775 1264 1087 1325 Tricipitiniw,
1136 1265 1209 1310 cui
1252 1271 1399 1310 morte
1442 1264 1550 1310 filiae
1594 1280 1731 1310 causa

279 1327 478 1374 mortis⁵⁰
502 1328 732 1390 indignior
756 1344 806 1374 ac
828 1328 1127 1374 miserabilior
1145 1336 1280 1375 esset.
1317 1328 1493 1374 Addita
1516 1329 1729 1390 superbia

277 1393 421 1454 ipsius
476 1393 610 1454 regis,
668 1392 952 1454 miseriaeque
997 1400 1042 1439 et
1076 1393 1253 1439 labores
1296 1393 1443 1455 plebis
1487 1394 1536 1439 111
1579 1393 1726 1439 fossas

277 1458 539 1546 cloacasque
563 1457 891 1503 exhauriendas
907 1457 1140 1504 demersae.
1199 1463 1229 1483 “
1247 1458 1479 1504 Romanos
1497 1457 1721 1512 homines,

299 1522 519 1568 ‘victores
543 1522 747 1568 omnium
771 1522 886 1568 circa
908 1522 1196 1605 pppulorum,
1225 1523 1408 1584 opifices
1431 1539 1482 1567 ac
1503 1521 1722 1584 lapicidas

281 1592 409 1648 “pro
445 1579 739 1632 bellatoribus
773 1586 932 1632 factos.
937 1587 966 1605 ''
1038 1586 1235 1648 Indigna
1270 1587 1364 1632 Ser.
1412 1587 1551 1632 Tullii
1601 1587 1722 1648 regis

274 1658 523 1696 memorata
545 1651 703 1704 caedes,
733 1658 778 1695 et
799 1650 975 1697 invecta
1004 1652 1180 1712 corpori
1212 1652 1356 1713 patris
1379 1651 1575 1697 nefando
1597 1651 1722 1697 vehi·

274 1714 374 1760 culo
414 1715 547 1769 filia3
616 1713 918 1776 invocatique
946 1715 1118 1761 ultores
1173 1723 1414 1777 parentum
1459 1715 1538 1761 dii.
1629 1715 1721 1762 His

272 1778 706 1840 atrocioribusqueffl,
734 1778 879 1834 credo,
907 1779 1020 1834 aliis,
1050 1796 1151 1841 quae
1173 1796 1376 1841 praesens
1400 1796 1551 1825 rerum
1573 1779 1720 1842 indig-

272 1844 404 1898 nitas,
443 1843 795 1905 haudquaquam
830 1843 975 1890 relatu
1014 1845 1309 1906 scriptoribus
1331 1844 1492 1899 facilia,
1521 1843 1716 1906 subjicit,

271 1908 548 1962 memoratis,
586 1909 818 1954 incensam
847 1909 1191 1954 multitudinem
1230 1909 1442 1970 perpulit,
1481 1916 1534 1954 ut
1577 1908 1719 1970 impe-

271 1973 389 2017 rium
422 1972 517 2033 regi
550 1972 839 2033 abrogaretffi,
878 1973 1142 2035 exsulesque
1178 1989 1276 2019 esse
1304 1974 1485 2035 juberet
1521 1974 1577 2019 L.
1610 1973 1719 2019 Tar-

271 2036 477 2098 quinium
513 2053 616 2082 cum
651 2037 841 2099 conjuge
871 2053 922 2082 ac
952 2037 1121 2083 liberis.
1193 2038 1313 2099 Ipse,
1339 2037 1612 2099 junioribus,
1641 2039 1720 2099 qui

269 2100 388 2146 ultro
412 2101 597 2146 nomina
621 2101 803 2156 dabant,
837 2101 964 2147 lectis
996 2102 1284 2164 armatisque,
1317 2101 1376 2148 ad
1397 2101 1718 2148 concitandum

270 2165 378 2211 inde
412 2165 629 2211 adversus
663 2182 816 2227 regem
852 2166 1100 2211 exercitum
1139 2166 1340 2212 Ardeam
1374 2166 1423 2211 in
1457 2174 1605 2212 castra
1649 2174 1719 2213 est

267 2230 497 2291 profectus
517 2251 528 2284 3
564 2230 806 2292 imperium
829 2230 878 2275 in
900 2231 1011 2276 urbe
1046 2231 1272 2285 Lucretio,
1298 2230 1556 2292 praefeet08³
1589 2231 1717 2278 urbis

262 2295 358 2355 jam
414 2297 519 2340 ante
564 2295 619 2340 ab
676 2311 780 2357 rege
834 2294 1060 2349 instituto,
1109 2295 1339 2357 relinquit.
1410 2296 1539 2341 Inter
1592 2294 1717 2341 hunc

268 2359 516 2404 tumultum
560 2359 710 2404 Tullia
753 2359 888 2405 domo
931 2359 1147 2421 profugit,
1198 2360 1548 2414 exsecrantibus,
1608 2363 1716 2422 qua-

266 2440 442 2485 cunque
485 2423 736 2478 incedebat,
784 2424 1189 2486 invocantibusque
1242 2430 1483 2486 parentum
1538 2423 1718 2470 furias⁸⁴

266 2489 371 2534 Viris
395 2488 762 2550 mulieribusque.

330 2552 432 2598 LX.
471 2553 652 2598 Harum
691 2569 844 2599 rerum
874 2552 1053 2598 nunciis
1089 2553 1138 2598 in
1174 2559 1323 2599 castra
1344 2552 1545 2614 perlatis,
1573 2569 1714 2614 quum

265 2632 311 2661 10
334 2619 448 2663 nova
470 2617 675 2678 trepidus
708 2633 787 2663 rex
808 2624 1015 2678 pergeret
1049 2617 1245 2662 Romam
1268 2617 1326 2662 ad
1348 2617 1713 2678 comprimendos

265 2689 431 2736 motus,
458 2682 583 2728 flexit
603 2682 724 2727 viam
757 2682 943 2736 Brutus,
975 2682 1197 2741 (senserat
1220 2681 1341 2728 enim
1364 2681 1630 2742 adventum)
1656 2697 1714 2728 ne

266 2746 423 2791 obvius
442 2747 568 2792 fieret
589 2767 600 2800 ;
638 2746 885 2808 eodemque
903 2746 997 2791 fere
1011 2753 1229 2807 tempore,
1251 2745 1439 2791 diversis
1453 2745 1707 2801 itineribus,

265 2809 436 2856 Brutus
472 2811 686 2866 Ardeam,
725 2810 999 2872 Tarquinius
1039 2811 1248 2865 Romam,
1296 2818 1533 2856 venerunt.
1601 2810 1711 2857 Tar-

265 2874 419 2934 quinio
459 2875 623 2922 clausae
668 2882 827 2938 portae,
877 2874 1175 2937 exsiliumque
1218 2873 1514 2930 indictum353
1550 2874 1710 2920 libera-

264 2952 407 2984 torem
431 2939 554 2986 urbis
576 2940 684 2988 laeta
717 2946 866 2988 castra
897 2941 1138 3002 accepere5
1175 2939 1407 3003 exactique
1438 2938 1547 2986 inde
1579 2938 1709 2986 liberi
