1897 3287
625 288 793 320 mmm
817 289 900 320 111.
938 288 983 320 c.
1011 289 1086 320 rx.
1507 279 1602 326 243

146 403 353 457 nimium,
379 417 462 448 nec
478 400 710 447 tolerabile
732 401 886 447 liberae
904 401 1089 456 civitati,
1110 400 1430 450 invehebatur:
1460 409 1493 431 “
1509 405 1605 453 No·

152 474 183 494 “
204 468 325 514 mine
361 466 482 512 enim
517 468 697 511 tantum
727 465 881 511 minus
916 465 1205 520 invidiosum,
1245 483 1293 512 re
1327 467 1428 529 ipsa
1461 473 1606 531 prope

152 538 182 557 “
203 531 413 584 atrocius,
441 532 577 592 quam
609 530 798 591 regium,
836 546 950 576 esse.
1019 530 1201 592 Quippe
1240 530 1355 576 duos
1392 548 1476 592 pro
1513 549 1605 579 uno

151 601 181 621 “
203 595 388 640 domino
421 601 642 655 acceptOS,
669 594 978 648 immoderata,
1005 594 1183 640 infinita
1217 602 1473 656 potestate3
1511 597 1601 658 qui,

150 665 182 684 “
203 659 340 704 soluti
376 667 510 720 atque
547 658 811 705 effraenati⁵⁵
847 659 949 720 ipsi,
977 675 1134 704 omnes
1158 665 1308 705 metus
1336 659 1489 721 legum
1512 677 1606 706 orn-

151 729 180 749 “
201 724 365 785 niaque
389 723 611 784 supplicia
633 730 859 768 verterent
880 723 928 768 in
950 723 1145 784 plebem.
1216 724 1333 777 Quae
1355 740 1412 769 ne
1436 730 1607 770 aeterna

151 793 180 812 “
201 787 290 832 illis
312 788 494 833 licentia
518 788 589 841 sit,
616 786 804 848 legem⁵⁶
829 803 875 832 se
898 788 1307 849 promulgaturum,
1334 794 1386 832 ut
1409 788 1606 849 quinque

149 857 180 876 “
201 851 284 897 viri
307 859 515 897 creentur
544 851 723 912 legibus
747 851 802 896 de
823 851 1013 913 imperio
1037 852 1262 897 consulari
1296 852 1603 898 scribendis⁵⁷.

150 922 179 940 “
203 916 339 970 Quod
367 916 564 977 populus
587 917 635 960 in
659 931 706 961 se
735 915 811 977 jus
835 916 1022 970 dederit,
1050 932 1102 961 eo
1126 915 1357 961 consulem
1379 930 1571 961 usurum
1592 937 1602 970 ;

148 986 180 1005 “
200 995 293 1025 non
315 980 440 1042 ipsos
462 980 698 1025 libidinem
721 996 772 1026 ac
794 980 1023 1026 licentiam
1047 997 1176 1025 suam
1197 996 1282 1041 pro
1303 980 1402 1041 lege
1424 980 1605 1025 habitu-

150 1051 179 1069 “
201 1045 325 1090 ros.''
397 1046 500 1098 Qua
534 1044 821 1105 promulgata
856 1044 969 1106 lege,
1006 1061 1148 1106 quum
1177 1045 1390 1090 timerent
1430 1044 1601 1099 Patres,

146 1124 214 1163 ne,
242 1109 505 1154 absentibus
541 1108 815 1162 consulibus,
853 1108 1017 1170 jugum
1053 1108 1321 1170 acciperent,
1361 1115 1544 1154 senatus
1581 1112 1607 1154 a

144 1173 360 1235 praefecto
395 1173 521 1218 urbis
545 1173 602 1226 Q.
630 1173 770 1218 Fabio
798 1181 1013 1227 vocatur3
1050 1173 1129 1234 qui
1164 1173 1276 1218 adeo
1311 1173 1522 1218 atrociter
1556 1172 1606 1218 in

145 1238 427 1298 rogationem
462 1237 739 1298 latoremque
774 1236 927 1298 ipsum
951 1243 1021 1282 est
1049 1237 1270 1290 invectus,
1294 1246 1347 1281 ut
1369 1236 1539 1291 nihil⁵⁸‚
1567 1237 1606 1282 si

146 1301 279 1347 ambo
313 1301 520 1347 consules
553 1301 708 1346 infesti
743 1301 1088 1346 circumstarent
1121 1301 1370 1355 tribunum,
1397 1301 1605 1346 relictum

144 1366 372 1411 minarum
396 1372 530 1426 atque
565 1365 749 1410 terroris
774 1365 833 1410 sit
855 1384 864 1410 ι
906 1371 937 1390 “
961 1365 1236 1410 Insidiatum
1260 1380 1379 1419 eum,
1406 1372 1464 1419 et,
1491 1372 1604 1410 tem-

148 1436 180 1456 “
201 1445 310 1492 pore
333 1429 522 1491 capt059,
550 1429 760 1475 adortum
783 1429 1125 1491 rempublicam.
1180 1429 1228 1474 Si
1252 1445 1384 1491 quem
1411 1429 1606 1475 similem

148 1499 181 1519 “
200 1493 299 1557 ejus
335 1494 487 1556 priore
525 1509 657 1548 anno,
689 1493 809 1539 inter
842 1494 1055 1539 morbum
1090 1493 1362 1555 bellumque,
1398 1493 1504 1539 irati
1544 1493 1608 1539 dii

150 1563 181 1583 “
201 1558 437 1605 tribunum
460 1558 706 1612 dedissent,
738 1574 832 1604 non
863 1558 1069 1620 potuisse
1104 1557 1273 1612 sisti⁶⁰;
1309 1558 1502 1604 mortuis
1526 1557 1607 1604 du·

148 1628 182 1648 “
202 1623 317 1669 obus
356 1623 630 1677 consulibus,
667 1622 847 1684 jacente
886 1625 1008 1684 aegra
1045 1622 1226 1668 civitate
1269 1622 1317 1667 in
1356 1622 1607 1668 colluvione

149 1693 181 1713 “
201 1688 408 1734 omnium
450 1703 614 1741 rerum,
648 1687 707 1733 ad
743 1687 996 1733 tollendum
1036 1689 1062 1732 ὲ
1099 1686 1329 1748 republica
1372 1686 1606 1733 consulare

149 1758 182 1777 “
201 1752 444 1815 imperium
465 1752 666 1797 laturum
686 1751 809 1813 leges
831 1751 972 1797 fuisse
990 1772 1001 1806 3
1039 1751 1201 1797 ducem
1224 1751 1403 1797 Volscis
1424 1751 1608 1813 AEquis-

149 1821 182 1843 “
202 1832 290 1878 que
312 1816 372 1862 ad
393 1816 746 1878 oppugnandam
767 1816 928 1862 urbem
949 1816 1172 1862 futurum.
1241 1815 1367 1869 Quid
1387 1814 1606 1862 tandem?

151 1881 270 1927 “illi
306 1897 400 1926 non
437 1881 582 1935 licere,
623 1881 662 1926 si
697 1880 808 1942 quid
845 1880 1053 1926 consules
1093 1880 1287 1942 superbe
1324 1880 1374 1925 in
1412 1879 1608 1942 aliquem

151 1951 182 1972 “
203 1945 370 1992 civium
405 1951 485 1991 aut
521 1944 763 1991 cmdeliter
796 1944 998 2000 fecerint,
1026 1945 1146 1991 diem
1182 1942 1361 1990 dicere?
1398 1959 1607 1990 accusare

151 2015 183 2036 “
202 2009 277 2056 his
299 2009 412 2071 ipsis
441 2009 688 2071 judicibus,
715 2025 908 2072 quorum
945 2009 996 2055 in
1033 2009 1229 2071 aliquem
1269 2008 1481 2055 saevitum
1513 2007 1607 2054 sit?

151 2079 183 2100 “
205 2074 314 2121 Non
334 2073 449 2119 illud
470 2073 737 2120 consulare61
759 2073 1016 2136 imperium,
1045 2074 1126 2120 sed
1146 2073 1435 2121 tribuniciam
1456 2080 1608 2135 potes-

152 2144 184 2164 “
203 2144 348 2185 tatem
367 2138 562 2184 invisam
581 2138 1015 2200 intolerandamque,
1040 2138 1186 2184 facere
1204 2159 1215 2192 ;
1241 2154 1378 2199 quam
1399 2144 1609 2199 pacatam

153 2209 184 2229 “
205 2202 626 2265 reconciliatamque
662 2203 876 2249 Patribus
900 2203 956 2249 de
984 2203 1163 2264 integro
1184 2202 1232 2247 in
1257 2203 1443 2264 antiqua
1464 2202 1609 2264 redigi

153 2273 184 2294 “
204 2267 352 2323 mala3
387 2283 533 2329 neque
566 2267 698 2313 illum
721 2283 768 2312 se
791 2267 1035 2328 deprecari,
1063 2283 1153 2329 quo
1174 2267 1326 2312 minus
1358 2273 1532 2327 pergat,
1557 2276 1610 2312 ut

152 2337 184 2358 “
205 2332 409 2394 coeperit.
477 2331 620 2387 Vos,”
646 2332 796 2394 inquit
835 2332 1017 2386 Fabius,
1060 2337 1091 2356 “
1112 2331 1248 2376 ceteri
1286 2331 1472 2384 tribuni,
1512 2346 1610 2376 ora-

153 2401 184 2422 “
204 2413 322 2451 mus,
349 2402 402 2442 ut
436 2396 636 2458 primum
672 2395 878 2442 omnium
917 2395 1125 2457 cogitetis
1163 2401 1437 2457 potestatem
1473 2395 1609 2441 istam

154 2466 185 2486 “
199 2460 260 2508 ad
276 2460 559 2523 singulorum
576 2460 808 2516 auxilium,
829 2476 923 2507 non
941 2460 1000 2506 ad
1014 2460 1262 2522 perniciem
1278 2459 1606 2514 universorum,

154 2529 186 2550 “
206 2531 515 2586 comparatam
553 2541 684 2580 esse3
735 2525 945 2571 tribunos
987 2524 1135 2586 plebis
1172 2539 1253 2569 vos
1292 2532 1479 2577 creatos,
1517 2539 1611 2569 non

154 2593 186 2614 “
205 2588 364 2635 hostes
404 2589 633 2636 Patribus.
703 2590 852 2636 Nobis
884 2589 1118 2644 miserum,
1156 2588 1431 2634 invidiosum
1463 2587 1607 2641 vobis,

155 2658 186 2678 ‘⁶
209 2659 279 2700 est
317 2653 544 2700 desertam
576 2655 904 2716 rempublicam
938 2653 1120 2709 invadi3
1158 2669 1251 2698 non
1279 2652 1357 2713 jus
1391 2658 1606 2705 vestrum,

155 2722 187 2743 “
209 2717 291 2764 sed
309 2717 541 2774 invidiam,
566 2719 839 2764 minueritiS.
908 2719 1046 2780 Agite
1083 2734 1186 2764 cum
1223 2716 1404 2776 collega,
1429 2721 1483 2760 ut
1515 2731 1611 2761 rem

155 2780 431 2843 “integram
464 2782 514 2828 in
548 2783 796 2829 adventum
829 2783 1068 2829 consulum
1105 2781 1284 2827 differat
1306 2799 1318 2834 ;
1353 2796 1412 2825 ne
1433 2778 1612 2842 AEqujoe

153 2850 189 2872 “
209 2846 394 2909 quidem
415 2861 467 2892 ac
487 2847 656 2902 Volsci,
681 2848 843 2893 morbo
878 2845 1134 2907 absumptis
1168 2844 1317 2906 priore
1352 2859 1471 2908 anno
1506 2859 1612 2890 con-

156 2914 190 2938 “
211 2910 399 2967 sulibUS,
447 2911 618 2959 crudeli
659 2912 947 2974 superboque
989 2909 1123 2956 nobis
1176 2907 1296 2956 bello
1348 2907 1607 2957 institere?
