1897 3287
285 182 373 226 138
905 197 949 227 T.
989 197 1142 228 mvn.

280 309 460 363 auxilia,
486 325 589 371 quae
610 309 844 356 mitterent
862 310 1052 364 Latinis,
1074 311 1122 356 ni
1137 317 1412 356 maturatum
1441 309 1495 355 ab
1514 309 1734 358 dictatore

281 375 489 420 Romano
523 382 673 427 esset3
711 382 756 420 et
788 376 1033 421 maturavit
1073 376 1321 428 Romanus,
1358 391 1414 420 ne
1448 375 1607 435 praelio
1640 392 1732 422 nno

280 455 384 484 cum
408 439 572 484 La'tino
595 439 847 501 Volscoque
871 438 1176 485 contenderet.
1246 439 1345 485 Hac
1366 439 1433 485 ira
1454 440 1662 485 consules
1683 441 1732 486 in

279 503 496 549 Volscum
519 519 679 564 agrum
712 503 910 564 legiones
945 503 1128 548 duxere.
1197 502 1401 558 Volscos,
1438 504 1614 549 consilii
1634 521 1732 565 poe-

278 566 427 613 nam⁹⁵
451 584 544 613 non
565 576 833 621 metuentes,
853 567 1124 628 necopinata
1140 583 1211 612 res
1228 569 1435 628 perculit.
1482 568 1730 614 Armorum

277 631 620 686 immemoresffi,
647 632 826 677 obsides
860 631 971 676 dant
1005 640 1230 676 trecentos
1262 632 1520 693 principum
1554 636 1580 677 a
1615 632 1731 678 Cora

279 706 414 758 atque
439 696 643 742 Pometia
674 697 855 741 liberos.
905 696 980 740 Ita
1004 696 1099 740 sine
1123 696 1367 742 certamine
1389 696 1496 742 inde
1519 697 1727 743 abductae

277 760 491 823 legiones.
561 761 658 806 Nec
680 761 743 804 ita
765 760 910 804 multo
942 760 1046 821 post-
1069 760 1245 805 Volscis
1265 760 1424 806 levatis
1446 768 1573 806 metu
1596 778 1729 807 suum

277 826 411 871 rediit
433 825 682 887 ingenium.
720 825 897 869 Rursus
921 824 1149 869 occultum
1171 833 1334 885 parant
1350 825 1535 879 bellum,
1563 826 1729 871 Herni-

277 891 342 936 cis
364 891 408 935 in
440 890 700 935 societatem
734 905 963 933 armorum
998 889 1261 949 assumptis.
1331 889 1529 950 Legatos
1553 906 1729 952 quoquc

276 955 336 1000 ad
358 954 693 1000 sollicitandum
716 953 902 998 Latium
934 953 1105 1014 passim
1140 953 1394 998 dimittunt.
1464 953 1554 998 Sed
1575 970 1730 1000 recens

276 1019 336 1065 ad
369 1018 597 1081 Regillum
631 1018 780 1063 lacum
814 1028 999 1077 accepta
1034 1017 1182 1063 clades
1207 1018 1411 1070 Latinos,
1447 1017 1514 1062 ira
1537 1018 1730 1080 odioque

275 1085 372 1145 ejus
394 1084 649 1146 quicunque
672 1099 798 1127 arma
821 1082 1043 1137 suaderet,
1069 1099 1125 1127 ne
1159 1082 1215 1127 ab
1249 1082 1410 1143 legatis
1433 1082 1615 1143 quidem
1638 1084 1730 1128 vio-

274 1147 422 1194 landis
483 1147 759 1193 abstinuitffl.
861 1147 1228 1208 Comprehensos
1287 1146 1478 1191 Volscos
1534 1147 1729 1193 Romam

274 1212 457 1259 duxere.
527 1212 599 1257 Ibi
622 1211 777 1257 traditi
799 1211 1059 1257 consulibus
1080 1233 1090 1265 ;
1127 1211 1466 1273 indicatumque
1490 1218 1572 1265 est,
1599 1212 1730 1257 Vols-

273 1294 349 1322 cos
374 1277 687 1338 Hernicosque
708 1292 866 1338 pararc
900 1276 1069 1321 bellum
1104 1276 1339 1321 RomaniS.
1407 1275 1569 1321 Relata
1600 1291 1647 1322 re
1670 1277 1729 1322 ad

273 1351 496 1396 senatum,
519 1342 629 1387 adeo
652 1341 737 1385 suit
761 1349 941 1401 gratum
963 1341 1184 1401 patribUS,
1202 1352 1253 1385 ut
1277 1347 1322 1386 et
1345 1340 1628 1401 captivorum
1647 1357 1724 1386 sex

271 1406 414 1452 millia
437 1407 612 1452 Latinis
635 1407 930 1459 remitterent,
968 1415 1013 1450 et
1048 1405 1102 1450 de
1137 1405 1319 1459 foedere,
1357 1404 1480 1466 quod
1512 1407 1654 1466 prope
1677 1406 1722 1450 in

270 1479 543 1533 perpetuum
564 1468 820 1530 negatum⁹⁸
850 1470 1010 1523 fuerat,
1049 1485 1144 1515 rem
1178 1470 1236 1514 ad
1267 1485 1408 1514 novos
1431 1469 1724 1529 magistratus

270 1535 521 1597 rejicerent.
589 1535 833 1579 Enimvero
856 1540 956 1579 tum
980 1535 1133 1579 Latini
1155 1533 1350 1594 gaudere
1381 1532 1548 1579 fact0⁹⁹
1562 1553 1573 1587 3
1598 1534 1723 1594 pacis

269 1608 476 1646 auctores
504 1600 553 1644 in
574 1598 749 1660 ingenti
772 1598 913 1659 gloria
947 1614 1058 1643 esse.
1145 1598 1373 1643 Coronam
1397 1613 1579 1643 auream
1617 1598 1723 1644 Jozi

270 1663 442 1710 donum
464 1665 512 1709 in
536 1663 812 1724 Capitolium
837 1663 1042 1708 mittunt.
1071 1662 1188 1708 Cum
1211 1663 1371 1723 legatis
1396 1662 1617 1724 donoque,
1645 1662 1723 1724 qui

269 1728 566 1791 captivorum¹
589 1727 767 1773 remissi
801 1727 859 1772 ad
898 1743 1003 1772 suos
1033 1727 1226 1781 fuerant,
1263 1743 1430 1787 magna
1452 1726 1724 1772 circumfusa

268 1793 515 1839 multitudo
565 1793 704 1837 venit.
774 1788 976 1853 Pergunt
1015 1791 1174 1837 domos
1210 1807 1380 1844 eorum,
1422 1790 1545 1852 apud
1588 1807 1723 1853 quem

269 1858 458 1920 quisque
483 1857 758 1910 servierant3
795 1857 962 1917 gratias
996 1864 1151 1917 agunt,
1187 1856 1432 1901 liberaliter
1464 1855 1609 1900 habiti
1632 1854 1723 1901 cul-

267 1923 391 1984 tique
425 1923 472 1967 in
506 1922 761 1967 calamitate
801 1924 909 1974 εαξη
948 1921 1054 1966 inde
1091 1921 1292 1982 hospitia
1309 1920 1524 1981 jungunt.
1592 1919 1724 1965 Nun-

268 2003 405 2048 quam
442 1987 550 2032 alias
590 1989 697 2031 ante
733 1985 913 2047 publice
956 1985 1259 2047 privatimque
1298 1985 1516 2031 Latinum
1555 2000 1724 2030 nomen

268 2051 476 2098 Romano
498 2051 688 2111 imperio
711 2050 995 2111 conjunctius
1018 2049 1121 2094 fuit.

332 2116 522 2163 XXIII.
560 2115 650 2161 Sed
672 2122 716 2160 et
738 2114 912 2160 bellum
934 2114 1152 2159 Volscum
1173 2113 1455 2167 imminebat,
1477 2119 1522 2158 et
1545 2111 1718 2167 civitas,

267 2197 420 2227 secum
443 2181 544 2242 ipsa
565 2179 751 2232 discors,
776 2178 992 2224 intestino
1014 2179 1133 2224 inter
1156 2179 1313 2223 Patres
1346 2177 1614 2238 plebemque
1645 2178 1722 2222 fia-

265 2247 427 2307 grabat
471 2245 589 2299 odio,
635 2244 833 2289 maxime
877 2250 1064 2304 propter
1102 2243 1262 2288 nexos2
1298 2243 1355 2288 ob
1395 2258 1458 2287 aes
1505 2242 1717 2288 alienum.

266 2311 553 2364 Fremebant,
618 2315 648 2334 “
667 2325 728 2362 se,
768 2307 878 2353 foris
913 2323 996 2369 pro
1041 2308 1246 2353 libertate
1283 2315 1328 2352 et
1365 2306 1556 2367 imperio
1589 2305 1721 2351 dimi-

268 2380 299 2400 “
317 2384 485 2428 cantes,
513 2373 637 2419 domi
660 2376 685 2418 a
707 2373 880 2418 civibus
904 2379 1060 2433 captos
1084 2380 1129 2417 et
1153 2386 1394 2433 oppressos
1417 2386 1515 2416 esse
1535 2390 1547 2424 ;
1582 2369 1720 2415 tutio—

268 2445 500 2501 “remque
537 2438 586 2484 in
621 2437 752 2491 bello,
793 2439 929 2498 quam
968 2436 1016 2481 in
1050 2452 1174 2498 pace,
1211 2437 1329 2481 inter
1363 2435 1535 2488 hostes,
1584 2436 1720 2496 quam

267 2509 297 2529 “
314 2504 433 2549 inter
455 2503 587 2556 cives,
614 2502 870 2547 libertatem
893 2501 1037 2562 plebis
1061 2500 1208 2545 esse.''
1263 2499 1577 2560 Invidiamque
1601 2514 1716 2551 eam,

264 2570 344 2614 sua
367 2576 528 2630 sponte
551 2567 829 2628 gliscentem,
867 2565 1059 2625 insignis
1085 2564 1217 2608 unius
1241 2563 1472 2608 calamitas
1495 2561 1717 2608 accendit.

263 2632 436 2694 Magno
458 2639 571 2676 natu
604 2630 788 2691 quidam
821 2645 925 2674 cum
958 2629 1162 2674 omnium
1196 2627 1420 2672 malorum
1443 2642 1629 2672 suorum
1649 2627 1719 2672 in·

263 2697 467 2757 signibus
491 2712 538 2741 se
559 2696 607 2740 in
624 2694 774 2740 forum
792 2693 996 2754 projecit.
1049 2691 1212 2737 Obsita
1228 2698 1324 2736 erat
1339 2690 1545 2752 squalore
1559 2691 1712 2744 vestis,

261 2761 423 2806 foedior
445 2759 645 2821 corporis
668 2758 853 2802 habitus
876 2757 1046 2817 pallore
1081 2772 1131 2801 ac
1165 2755 1307 2800 macie
1329 2755 1569 2816 perempti.
1639 2753 1717 2800 Ad

261 2823 360 2878 hoc,
388 2825 612 2886 promissa
631 2823 772 2867 barba
805 2829 850 2866 et
884 2820 1033 2882 capilli
1067 2820 1362 2866 efferaverant
1385 2820 1581 2881 speciem
1605 2818 1713 2864 oris.

261 2888 586 2935 Noscitabatur
629 2895 784 2933 tamen
821 2885 870 2930 in
913 2887 1040 2930 tanta
1084 2883 1385 2938 deformitate,
1434 2890 1479 2929 et
1515 2880 1718 2941 ordines³
