1897 3287
317 273 383 322 44
923 289 969 320 T.
1008 289 1155 321 mvn.

316 401 489 449 moenia
521 417 789 465 processura
822 408 963 458 erant,
1002 401 1185 449 tantfim
1217 402 1403 449 termini
1434 402 1485 449 hi
1519 403 1769 450 consecrati

316 466 679 529 proferebantur.

384 530 531 577 XLV.
567 531 719 577 Aucta
740 530 923 577 civitate
945 530 1260 593 magnitudine
1282 531 1422 586 urbis,
1451 531 1659 577 formatis
1675 547 1769 577 om—

316 594 453 641 nibus
477 595 601 641 domi
623 603 669 641 et
691 595 750 641 ad
770 595 877 641 belli
901 603 944 641 et
968 595 1026 641 ad
1047 595 1172 657 pacis
1195 611 1320 649 usus,
1347 612 1404 641 ne
1429 611 1607 657 semper
1631 596 1769 642 armis

319 675 429 721 opes
463 659 815 722 acquirerentur,
867 660 1055 705 consilio
1103 675 1267 720 augere
1299 660 1545 721 imperium
1579 668 1769 705 conatus

317 731 401 778 est,
440 723 576 769 simul
614 731 658 769 et
681 723 865 786 aliquod
887 724 1051 769 addere
1073 724 1176 769 urbi
1199 723 1351 769 decus.
1421 725 1451 770 J
1455 740 1527 769 am
1551 730 1649 769 tum
1675 731 1771 770 erat

316 788 540 850 inclytum
563 788 726 834 Dianae
750 788 966 850 Ephesiae
984 788 1158 833 fanum.
1209 787 1267 833 Id
1290 789 1593 833 communiter
1617 791 1643 833 a
1664 788 1770 834 civi-

316 853 490 898 tatibus
514 852 641 899 Asiae
675 852 846 898 factum
880 852 1001 897 fama
1033 852 1220 897 ferebat.
1307 852 1462 906 Quum
1497 868 1770 899 consensum

319 916 516 978 deosque
546 916 826 962 consociatos
849 916 1055 962 laudaret
1078 916 1192 961 mire
1217 915 1397 962 Servius
1419 916 1539 962 inter
1560 932 1770 978 proceres

317 979 647 1035 Latinormnw,
685 996 788 1025 cum
823 980 986 1042 quibus
1020 980 1202 1042 publice
1233 980 1536 1042 privatimque
1570 981 1772 1042 hospitia

318 1045 629 1106 amicitiasque
653 1044 708 1089 de
730 1044 956 1089 industria
971 1045 1198 1106 junxerat,
1228 1060 1350 1106 saepe
1387 1044 1594 1090 iterando
1612 1045 1770 1091 eadem

317 1109 517 1170 perpth
539 1108 738 1163 tandem,
764 1116 815 1154 ut
841 1109 1002 1154 Romae
1025 1109 1182 1154 fanum
1207 1109 1413 1155 Dianae²⁴
1433 1108 1593 1171 ‘populi
1616 1109 1771 1156 Latini

318 1189 422 1218 cum
445 1172 614 1234 populo
639 1173 847 1218 Romano
869 1173 1084 1219 facerent.
1154 1173 1221 1218 Ea
1245 1182 1339 1219 erat
1370 1173 1595 1219 confessio
1633 1182 1771 1235 caput

317 1252 470 1283 rerum
493 1238 689 1283 Romam
713 1253 824 1291 esse,
853 1237 907 1283 de
932 1254 1020 1299 quo
1043 1237 1178 1283 toties
1203 1238 1341 1283 armis
1365 1245 1586 1283 certatum
1605 1237 1767 1284 fuerat.

318 1300 378 1347 Id
400 1300 703 1363 quanquam²⁵
720 1301 940 1347 omissum
949 1301 1045 1363 jam
1061 1317 1115 1348 ex
1132 1302 1336 1347 omnium
1355 1304 1460 1348 cura
1483 1303 1768 1358 Latinorum,

319 1365 378 1411 ob
400 1381 496 1411 rem
519 1366 656 1411 toties
678 1365 918 1411 infeliciter
952 1374 1172 1412 tentatam
1209 1366 1362 1421 armis,
1401 1366 1650 1421 videbatur,
1689 1369 1770 1413 uni

321 1445 370 1476 se
392 1445 448 1475 ex
470 1429 651 1475 Sabinis
674 1429 767 1475 fors
792 1429 941 1476 dare²⁶
959 1431 1056 1475 visa
1079 1437 1147 1476 est
1169 1430 1345 1491 privato
1370 1431 1557 1476 consilio
1588 1431 1770 1492 imperii

318 1494 630 1555 recuperandi.
698 1493 791 1540 Bos
824 1494 873 1540 in
909 1494 1087 1540 Sabinis
1119 1502 1229 1540 nata
1261 1494 1440 1541 cuidam
1463 1495 1769 1557 patrifamiliae

318 1557 497 1613 dicitur,
518 1557 725 1604 miranda
737 1558 1052 1620 magnitudine
1067 1575 1117 1604 ac
1137 1559 1299 1620 specie.
1370 1559 1483 1605 Fixa
1503 1576 1585 1622 per
1601 1560 1769 1605 multas

318 1629 477 1668 aetates
495 1622 708 1668 cornua²⁷
731 1623 780 1669 in
801 1623 1026 1669 vestibulo
1049 1623 1209 1685 templi
1233 1624 1396 1669 Dianae
1418 1631 1769 1670 monumentum

317 1686 359 1732 ei
381 1686 506 1732 fuere
527 1686 760 1733 miraculo.
830 1687 1016 1742 Habita,
1043 1694 1095 1732 ut
1119 1695 1227 1741 erat,
1254 1704 1327 1733 res
1348 1688 1545 1750 prodigii
1559 1689 1657 1734 loco
1676 1697 1766 1744 est;

317 1758 364 1796 et
386 1751 586 1797 cecinere
609 1758 749 1806 vateS,
776 1751 904 1813 cujus
929 1752 1122 1798 civitatis
1154 1768 1253 1798 eam
1291 1752 1400 1798 civis
1423 1753 1586 1798 Dianae
1608 1753 1770 1799 immo-

318 1814 515 1869 lAsset²⁸‚
541 1815 606 1861 ibi
627 1815 723 1861 fore
745 1816 987 1877 imperium
1008 1837 1018 1871 ;
1054 1816 1191 1878 idque
1221 1833 1403 1862 carmen
1424 1825 1689 1878 pervenerat
1711 1817 1769 1864 ad

319 1880 571 1925 antistitem
595 1879 690 1925 fani
712 1880 890 1925 Dianae.
931 1881 1139 1935 Sabinus,
1167 1889 1217 1926 ut
1236 1881 1384 1942 prima
1401 1888 1507 1942 apta
1525 1881 1619 1927 dies
1635 1882 1769 1928 sacri-

316 1944 420 1989 ficio
442 1943 539 1989 visa
554 1950 635 1998 est,
656 1944 818 1990 bovem
836 1945 1031 1990 Romam
1049 1953 1197 1990 actam
1213 1945 1396 1991 deducit
1411 1945 1469 1991 ad
1485 1945 1642 1991 fanum
1660 1946 1768 1992 Dia·

316 2023 404 2062 nae,
433 2014 478 2053 et
500 2014 605 2054 ante
628 2024 752 2054 aram
775 2009 952 2054 statuit.
1021 2009 1095 2054 Ibi
1117 2009 1308 2055 antistes
1337 2010 1587 2065 Romanus,
1627 2027 1770 2072 quum

317 2087 422 2118 eum
445 2072 714 2134 magnitudo
735 2072 933 2119 victimae
957 2072 1180 2119 celebrata
1201 2073 1322 2119 fama
1337 2074 1568 2129 movisset,
1595 2091 1770 2121 memor

313 2136 523 2198 responsi
549 2136 767 2182 Sabinum
789 2137 855 2183 ita
877 2137 1146 2199 alloquitur:
1188 2143 1220 2163 “
1243 2138 1474 2192 Quidnam
1496 2146 1561 2194 tu,
1582 2138 1766 2201 hospes,

322 2207 356 2226 “
375 2217 508 2262 paras
523 2200 573 2246 P’
610 2201 759 2262 inquit
779 2221 791 2255 ;
831 2207 862 2226 “
883 2201 1102 2247 inceste²⁹
1122 2202 1393 2248 sacrificium
1410 2203 1574 2249 Dianae
1587 2203 1767 2250 facere?

238 2288 248 2311 1·
320 2271 354 2291 “
376 2265 501 2325 Quin
523 2272 575 2312 tu
597 2269 703 2311 ante
724 2265 826 2311 vivo
848 2265 1135 2327 perfunderis
1158 2266 1381 2313 flumine?
1449 2268 1617 2313 Infima
1652 2267 1768 2314 valle

320 2335 353 2356 “
373 2327 574 2391 praefluit
591 2330 631 2375 T
632 2329 821 2376 iberis.'’
861 2325 1097 2392 Religione
1120 2337 1269 2377 tactus
1291 2331 1473 2393 hospeS,
1497 2332 1574 2394 qui
1597 2333 1762 2388 omnia,

315 2400 369 2440 ut
390 2393 598 2455 prodigio
632 2393 927 2456 responderet
962 2401 1165 2450 eventus,
1202 2405 1387 2457 cuperet
1420 2396 1508 2441 rite
1540 2396 1673 2451 facta,
1712 2412 1766 2443 ex

315 2457 535 2519 templo³⁰
560 2457 795 2504 descendit
829 2458 887 2504 ad
909 2459 1126 2505 Tiberim.
1196 2460 1377 2505 Interea
1411 2460 1647 2506 Romanus
1682 2460 1767 2506 im-

314 2521 498 2568 molat³¹
522 2522 686 2568 Dianae
703 2523 881 2569 bovem.
919 2523 977 2569 Id
998 2523 1114 2569 mire
1136 2530 1318 2585 gratum
1336 2524 1431 2586 regi
1445 2530 1580 2586 atque
1593 2524 1766 2571 civitati

380 2649 555 2696 XLVI.
595 2650 789 2706 Servius,
818 2666 1076 2713 quanquam
1093 2651 1190 2713 jam
1212 2667 1302 2697 usu
1323 2651 1449 2697 haud
1463 2651 1653 2698 dubium
1667 2668 1765 2715 reg-

315 2729 427 2760 num
450 2714 774 2776 possederat³²‚
801 2722 969 2770 tamen,
988 2715 1093 2777 quia
1129 2716 1358 2761 interdum
1391 2716 1554 2777 jactari
1574 2733 1706 2763 voces
1739 2720 1766 2762 a

308 2777 476 2839 juvene
520 2779 768 2841 Tarquinio
802 2779 1013 2825 audiebat
1063 2795 1111 2825 se
1159 2779 1338 2842 injussu
1368 2781 1528 2842 populi
1559 2797 1759 2843 regnare,

315 2843 554 2888 conciliata
569 2842 699 2905 prius
721 2843 956 2890 voluntate
978 2843 1137 2905 plebis,
1165 2860 1272 2905 agro
1296 2853 1428 2906 capto
1448 2861 1519 2903 ,ex
1551 2845 1763 2891 hostibus

314 2905 487 2953 viritim
533 2907 690 2964 divise,
729 2923 867 2955 ausus
900 2915 970 2955 est
1002 2908 1117 2955 ferre
1162 2908 1221 2955 ad
1251 2908 1486 2972 populum,
1530 2915 1560 2935 “
1579 2909 1759 2965 vellent,
