1897 3287
273 174 368 219 302
887 184 935 216 T.
972 183 1129 217 mvn.

341 299 522 346 LXXI.
581 297 836 346 Victoriam
879 297 1137 354 honestam,
1185 312 1241 344 ex
1283 296 1496 345 hostibus
1542 303 1737 360 partam,

272 370 408 426 turpe
433 363 558 410 domi
591 363 648 410 (10
681 364 851 410 finibus
887 363 1114 410 sociorum
1141 362 1368 425 judicium
1401 363 1562 425 populi
1595 363 1742 411 defor-

275 429 435 475 mavit.
503 428 682 475 Aricini
704 435 840 491 atque
866 428 1104 483 Ardeates,
1135 427 1192 473 de
1219 427 1433 490 ambiguo
1464 443 1573 490 agro
1601 443 1743 491 quum

276 509 401 555 saepe
444 492 564 540 bello
609 496 876 547 certassent,
923 491 1082 538 multis
1126 490 1321 538 invicem
1366 492 1571 538 cladibus
1615 493 1741 549 fessi,

268 558 473 621 judicem
501 557 726 620 populum
755 557 1018 603 Romanum
1046 556 1220 618 cepere.
1290 556 1448 611 Quum
1471 557 1530 604 ad
1560 573 1743 604 causam

274 622 494 670 orandam
515 622 762 676 venissent,
790 620 981 666 concilio
1002 619 1208 693 populi
1191 637 1218 666 a
1243 621 1590 683 magistratibus
1617 621 1741 678 date,

274 689 443 752 11138113
465 686 758 734 contentione
782 691 968 740 actum3
995 684 1183 747 jamque
1207 684 1342 732 editis
1365 687 1573 743 testibus,
1601 702 1744 749 quum

273 752 424 798 tribus
456 751 623 806 vocari,
663 756 709 797 et
747 720 974 812 populuni
1011 749 1127 796 inire
1167 749 1452 812 suffragium,
1495 757 1740 813 oporteret,

275 816 510 906 consurgit
549 816 603 862 P.
647 814 861 876 Scaptius
897 814 953 861 de
991 814 1137 877 plebe,
1176 830 1345 876 magno
1380 822 1507 870 nam,
1548 823 1608 871 et,
1650 821 1681 842 “
1697 815 1745 863 Si

279 881 481 937 “licet,''
519 879 684 942 inquit,
727 879 996 935 “consules,
1035 878 1091 925 de
1126 879 1359 953 republica
1394 851 1557 935 dicere,
1597 896 1746 927 errare

280 951 311 972 “
332 962 415 1008 ego
451 944 676 1008 populum
711 943 762 991 in
795 943 883 990 hac
916 945 1052 990 031153
1084 959 1179 990 11011
1210 943 1376 1006 patiar.
1379 943 1410 963 '⁵
1481 945 1652 1000 Quum,
1692 951 1746 991 ut

275 1027 458 1065 vanum,
490 1025 596 1057 eum
623 1015 845 1072 negarent
875 1009 1085 1056 consules
1116 1008 1397 1055 audiendum
1432 1025 1544 1064 esse,
1581 1010 1746 1057 vocife-

275 1083 557 1138 rantemque,
600 1073 780 1137 “prodi
817 1073 1051 1136 publicam
1084 1072 1318 1128 causam,’'
1358 1074 1616 1120 submoveri
1648 1074 1746 1137 jus-

277 1141 460 1194 sissent,
507 1140 717 1186 tribunos
763 1138 979 1201 appellat.
1069 1137 1277 1194 Tribuni,
1325 1145 1379 1184 ut
1423 1139 1519 1186 fere
1569 1155 1747 1201 semper

275 1212 499 1267 reguntur
542 1207 569 1250 a
611 1203 911 1251 multitudine
953 1202 1115 1266 magis,
1165 1205 1303 1265 quam
1346 1209 1526 1266 regunt,
1582 1203 1747 1252 dedere

276 1270 458 1332 cupidae
486 1269 703 1316 audiendi
732 1268 871 1332 plebi,
900 1273 968 1324 ut,
1000 1284 1104 1331 quae
1133 1268 1282 1324 vellet,
1316 1267 1528 1331 Scaptius
1559 1268 1745 1316 diceret.

278 1335 354 1380 Ι111
375 1334 491 1390 infit,
535 1334 772 1380 “Annum
796 1349 843 1381 se
866 1333 1057 1380 tertium
1084 1339 1130 1380 et
1161 1333 1493 1395 octogesimum
1523 1349 1669 1395 38010,
1701 1339 1747 1380 et

301 1400 379 1445 ‘in
415 1415 468 1446 eo
507 1415 629 1462 agro,
674 1398 730 1445 de
769 1413 860 1461 quo
899 1398 1063 1461 agitur,
1106 1397 1342 1453 militasse,
1385 1415 1479 1445 non
1511 1397 1742 1461 juvenem,

281 1469 312 1490 “
329 1464 546 1510 vicesima
571 1463 669 1527 jam
704 1462 933 1524 stipendia
964 1469 1233 1518 merentem,
1271 1479 1412 1525 quum
1447 1463 1505 1510 ad
1540 1463 1747 1510 Coriolos

283 1534 314 1554 “
332 1529 392 1575 sit
418 1527 696 1575 bellatum'ffi.
766 1528 835 1573 Εὸ
856 1543 954 1574 10111
978 1543 1026 1574 50
1047 1533 1276 1574 vetustate
1299 1528 1603 1583 obliteratam,
1630 1534 1747 1574 cete-

281 1599 314 1619 “
329 1610 432 1640 rum
469 1609 566 1639 suae
601 1593 837 1638 memoriae
874 1592 1079 1648 infixam,
1118 1592 1309 1639 afferre:
1349 1609 1525 1655 agrum,
1564 1592 1620 1639 de
1657 1607 1747 1655 quo

282 1663 313 1684 “
330 1658 592 1720 ambigitur,
612 1657 776 1702 finium
795 1657 1144 1703 Coriolanorum
1161 1656 1317 1713 fuisse,
1338 1658 1573 1721 captisque
1592 1657 1748 1705 Cor-io-

281 1729 314 1749 “
329 1723 400 1778 lis,
420 1723 525 1785 jure
546 1722 655 1768 belli
675 1721 914 1784 publicum
936 1721 1098 1784 populi
1121 1722 1320 1768 Romani
1336 1722 1525 1769 factum.
1559 1754 1564 1755 ⁷
1584 1722 1749 1770 Mirari

283 1794 313 1814 “
333 1803 395 1843 se,
421 1803 621 1850 quonam
643 1786 812 1833 more77
837 1786 1061 1833 Ardeates
1085 1786 1366 1849 Aricinique,
1395 1788 1524 1849 cujus
1548 1787 1646 1850 agri
1670 1787 1748 1851 jus

282 1858 313 1878 “
331 1868 568 1915 nunquam
599 1851 920 1913 usurpaverint
949 1851 1169 1898 incolumi
1197 1851 1438 1898 Coriolana
1469 1868 1530 1908 re,
1567 1868 1672 1899 eum
1701 1867 1750 1898 se

283 1923 314 1942 “
333 1920 358 1963 3
379 1917 551 1980 populo
579 1917 804 1972 Romano,
833 1931 969 1978 quem
996 1932 1080 1978 pro
1105 1915 1291 1963 domino
1313 1916 1517 1979 judicem
1540 1917 1747 1968 fecerint,

284 1982 665 2044 “intercepturos
711 1987 912 2043 sperent.
1004 1980 1102 2027 Sibi
1145 1981 1361 2042 exiguum
1405 1982 1514 2028 vit-ae
1564 1989 1749 2044 tempus

284 2052 314 2072 “
334 2061 600 2109 superesse3
626 2062 720 2092 non
742 2045 949 2108 potuisse
973 2061 1022 2092 se
1044 2052 1201 2092 tamen
1222 2046 1436 2092 inducere
1459 2046 1507 2092 in
1525 2047 1745 2102 animum,

284 2116 315 2137 “
333 2111 459 2173 quin,
486 2126 622 2174 quem
646 2127 807 2173 agrum
829 2110 960 2157 miles
983 2126 1067 2173 pro
1090 2117 1219 2172 parte
1242 2111 1361 2156 virili
1378 2127 1518 2157 manu
1536 2112 1746 2174 cepisset,

284 2181 438 2222 “eum
470 2191 608 2222 senex
644 2191 825 2239 quoque
859 2191 982 2231 voce,
1023 2178 1111 2238 qua
1144 2178 1236 2221 una
1270 2184 1441 2237 posset,
1478 2177 1746 2223 u'ndjcaret.

284 2245 315 2266 “
333 2240 617 2303 Magnopere
643 2257 690 2287 se
719 2240 908 2287 suadere
933 2240 1121 2303 populo,
1155 2256 1212 2287 ne
1235 2240 1388 2286 inutili
1414 2240 1589 2303 pudore
1619 2257 1749 2288 suam

283 2305 430 2367 “ipse
452 2321 637 2352 causam
662 2305 915 2352 damnaret.

344 2370 552 2416 LXXII.
588 2370 825 2426 Consule-s,
854 2386 995 2434 quum
1021 2370 1255 2433 Scaptium
1277 2387 1371 2417 non
1394 2370 1574 2416 silentio
1595 2370 1745 2425 modo,

281 2434 363 2480 sed
394 2450 501 2482 cum
545 2451 737 2482 assensu
770 2435 924 2491 etiam,
968 2435 1116 2481 audiri
1154 2435 1596 2490 anim-advertissent,
1642 2434 1751 2482 deos

203 2533 207 2536 -
281 2499 581 2562 hominesque
604 2505 828 2547 testantes
851 2500 1078 2562 flagitium
1099 2501 1261 2562 ingens
1295 2500 1406 2554 fieri,
1446 2500 1637 2545 Patrum
1659 2501 1751 2562 pri-

280 2580 431 2610 mores
454 2571 704 2611 arcessunt.
777 2564 894 2611 Cum
919 2565 993 2610 his
1028 2564 1263 2610 circumire
1297 2563 1563 2618 tribunos'ffi,
1606 2580 1748 2618 orare,

284 2629 404 2674 “Ne
452 2629 708 2691 pessimum
763 2629 939 2675 facinus
1000 2629 1153 2690 pejore
1204 2629 1410 2690 exemplo
1457 2628 1752 2675 admitterent

286 2693 519 2756 “judiceS‚
564 2694 614 2739 in
654 2710 784 2739 suam
823 2710 919 2739 rem
959 2694 1087 2738 litem
1125 2692 1412 2747 vertendo793
1457 2709 1598 2755 quum
1634 2709 1752 2755 11133-

286 2763 318 2783 “
337 2758 509 2813 sertim,
548 2759 729 2804 etiamsi
762 2758 831 2804 fas
867 2757 964 2803 511ΞΟ
1001 2773 1157 2803 01113111
1191 2757 1489 2803 emolumenti
1520 2758 1590 2803 sui
1607 2757 1752 2819 judici

287 2827 318 2848 “
336 2838 449 2877 0550,
508 2839 796 2886 nequaquam
841 2827 1023 2868 tantum
1069 2837 1177 2883 agro
1219 2821 1549 2884 intercipiendo
1602 2823 1752 2884 acqui-

285 2890 319 2912 “
333 2894 473 2943 ratur,
512 2896 735 2950 quantum
769 2887 1008 2935 amittatur
1043 2886 1294 2934 alienandis
1327 2886 1492 2951 injuria
1526 2887 1750 2934 soc-iorum
