1897 3287
274 231 335 277 36
892 244 938 274 T.
978 244 1134 277 Lrvn.

273 361 550 426 adjuvabat3
588 358 734 407 donec
755 359 804 406 in
826 359 1000 422 regiam
1035 376 1216 423 quoque
1240 359 1296 406 de
1334 377 1387 408 eo
1423 359 1548 406 fama
1581 358 1758 421 perlata

273 435 359 485 est,
384 427 691 488 notitiamque
714 423 862 471 eam¹8
885 425 1025 481 brevi,
1049 426 1174 488 apud
1196 441 1351 487 regem
1375 425 1624 472 liberaliter
1647 423 1756 471 dex-

272 498 432 558 tre‘que
455 492 669 540 obeundo
705 491 870 546 officia,
896 491 947 537 in
972 491 1213 538 familiaris
1247 491 1465 538 amicitiae
1499 490 1757 537 adduxerat

266 560 387 623 jura,
404 565 458 606 ut
480 557 678 621 publicis
700 557 872 619 pariter
887 573 939 603 ac
956 557 1148 619 privatis
1167 556 1371 603 consiliis
1393 555 1514 602 bello
1539 555 1758 618 domique

272 626 537 672 interesset:
564 629 622 678 et,
641 639 724 685 per
742 622 898 669 omnia
915 620 1188 684 expertus¹⁹‚
1210 621 1447 683 postremo
1463 628 1592 668 tutor
1615 621 1757 669 etiam

272 691 430 738 liberis
453 689 575 752 regis
594 695 875 735 testamento
901 687 1244 734 institueretur.

339 756 543 805 XXXV.
570 753 799 816 Regnavit
815 753 976 800 Ancus
995 769 1140 799 annos
1159 758 1356 815 quatuor
1372 759 1419 800 et
1432 751 1609 815 viginti,
1629 751 1757 798 cuili-

274 822 354 870 bet
378 820 667 885 superiorum
704 835 866 881 regum
888 818 998 865 belli
1019 819 1238 881 pacisque
1273 824 1319 864 et
1341 819 1519 864 artibus
1544 824 1590 864 et
1614 817 1759 880 gloria

274 904 374 950 par.
447 888 477 935 J
481 902 556 933 am
586 885 670 931 filii
692 901 837 947 prope
872 885 1095 946 puberem
1120 889 1308 930 aetatem
1332 891 1480 930 erant.
1515 883 1586 929 Εὸ
1607 883 1758 945 magis

275 952 557 1017 Tarquinius
572 950 758 1005 instare,
771 957 825 995 ut
844 952 982 1012 quam
1000 947 1206 1011 primum
1230 949 1419 996 comitia
1440 949 1538 1011 regi
1560 948 1759 995 creando

274 1020 454 1066 fierent.
541 1016 723 1071 Quibus
758 1014 960 1070 indictis,
1003 1015 1088 1061 sub
1128 1021 1315 1077 tempus
1348 1029 1517 1076 pueros
1540 1023 1759 1061 venatum

276 1082 550 1147 ablegavit²⁰
569 1102 581 1137 ;
614 1081 745 1144 isque
760 1081 940 1143 primus
964 1089 1010 1127 et
1027 1082 1200 1143 petisse
1216 1079 1461 1126 ambitiose
1483 1095 1692 1142 regnum,
1712 1086 1760 1127 et

277 1150 531 1196 orationem
556 1147 725 1194 dicitur
746 1146 966 1193 habuisse
990 1146 1050 1192 ad
1073 1145 1383 1193 conciliandos
1406 1145 1556 1208 plebis
1580 1145 1760 1192 animos

276 1214 603 1277 compositam3
630 1212 824 1275 quumffi,
857 1218 888 1237 “
903 1229 951 1259 se
969 1228 1063 1258 non
1086 1228 1184 1259 rem
1208 1227 1375 1258 novam
1390 1218 1560 1274 petere,
1589 1211 1761 1274 quippe

281 1287 311 1306 “
335 1281 414 1344 qui
449 1296 544 1326 non
582 1279 775 1341 primus,
834 1277 959 1340 quod
997 1278 1243 1340 quisquam
1278 1276 1511 1339 indignari
1546 1276 1760 1324 mirarive

280 1352 311 1372 “
333 1353 505 1409 posset,
534 1344 616 1391 sed
638 1344 802 1391 tertius
840 1343 1006 1390 Romae
1028 1342 1298 1406 peregrinus
1333 1358 1527 1404 regnum
1551 1341 1758 1389 affectet:

281 1418 312 1437 “
335 1418 382 1458 et
403 1411 592 1458 Tatium
616 1425 711 1455 non
734 1425 790 1456 ex
812 1409 1056 1471 peregrino
1081 1407 1245 1464 solum,
1267 1407 1350 1454 sed
1373 1408 1513 1454 etiam
1529 1423 1585 1453 ex
1607 1407 1756 1462 hoste,

282 1483 312 1503 “
335 1493 490 1540 regem
515 1476 689 1522 factum
711 1493 721 1520 z
760 1482 806 1520 et
830 1474 1051 1529 Numam,
1076 1474 1292 1537 ignarum
1314 1473 1457 1529 urbis,
1484 1489 1579 1519 non
1601 1479 1761 1536 peten-

281 1550 312 1569 “
335 1551 444 1598 tem,
467 1543 515 1588 in
532 1557 728 1603 regnum
742 1540 865 1586 ultro
873 1540 910 1566 ²²
927 1540 1142 1586 accitum.
1182 1540 1253 1594 Se,
1277 1555 1331 1586 ex
1347 1555 1438 1602 quo
1463 1538 1534 1584 sui
1548 1545 1715 1601 potens
1723 1538 1761 1565 ²³

282 1615 311 1634 “
334 1608 487 1663 fuerit,
517 1608 716 1654 Romam
740 1605 846 1652 cu'm
871 1605 1065 1668 conjuge
1088 1621 1141 1652 ac
1174 1604 1373 1651 fortunis
1398 1605 1615 1651 omnibus
1639 1619 1761 1651 com-

281 1681 312 1700 “
334 1674 574 1736 migrasse.
635 1671 865 1734 Majorem
888 1679 1070 1734 partem
1106 1671 1259 1718 aetatis
1291 1670 1404 1733 ejus,
1433 1672 1522 1732 qua⁴
1546 1669 1761 1716 civilibus

282 1746 312 1766 “
336 1739 498 1786 officiis
522 1738 776 1800 fungantur
812 1736 1041 1792 homines,
1082 1737 1247 1784 Romae
1283 1752 1344 1792 se,
1373 1739 1515 1798 quam
1537 1735 1589 1781 in
1609 1742 1762 1782 vetere

282 1811 313 1831 “
336 1805 498 1868 patria,
525 1803 710 1849 vixisse.
752 1802 894 1849 Domi
917 1801 1202 1864 militiaeque,
1241 1802 1326 1848 sub
1345 1801 1474 1847 haud
1490 1800 1762 1863 poenitendo

282 1877 312 1896 “
335 1871 571 1933 magistro,
611 1869 715 1931 ipso
751 1868 884 1914 Anco
920 1884 1040 1930 rege,
1070 1868 1284 1914 Romana
1307 1883 1355 1914 se
1373 1866 1493 1930 jura,
1523 1867 1760 1913 Romanos

281 1943 313 1962 “
335 1937 469 1991 ritus,
497 1934 728 1981 didicisse.
778 1933 1014 1997 Obsequio
1039 1940 1085 1980 et
1099 1933 1389 1980 observantia
1401 1932 1452 1978 in
1475 1948 1630 1995 regem
1654 1948 1760 1979 cum

283 2008 314 2028 “
337 2001 568 2055 omnibuS,
580 1998 866 2061 benignitate
882 2015 990 2061 erga
1005 1999 1118 2046 alios
1133 2015 1240 2045 cum
1255 2014 1361 2061 rege
1375 1998 1493 2060 ipso,
1505 1998 1755 2044 certasse?

279 2068 399 2114 Haec
422 2083 528 2113 eum
551 2065 679 2112 haud
700 2064 818 2111 falsa
846 2071 1183 2111 memorantem
1206 2064 1387 2126 ingenti
1417 2079 1648 2110 consensu
1680 2078 1762 2126 po-

276 2133 416 2196 pulus
436 2133 677 2179 Romanus
701 2146 892 2192 regnare
909 2129 1068 2193 jussit.
1138 2130 1264 2192 Ergo
1281 2130 1448 2184 virum,
1468 2136 1620 2176 cetera
1637 2144 1762 2192 egre-

277 2199 421 2261 gium,
444 2204 613 2252 secuta,
633 2212 772 2259 quam
789 2196 839 2242 in
852 2196 1054 2259 petendo
1069 2195 1308 2251 habuerat,
1332 2195 1472 2242 etiam
1489 2202 1762 2257 regnantem

277 2264 469 2311 ambitio
488 2270 580 2318 est;
605 2278 691 2309 nec
713 2260 870 2307 minus
893 2261 1026 2324 regni
1044 2261 1116 2308 sui
1131 2260 1362 2316 firmandi,
1383 2263 1520 2324 quam
1536 2259 1762 2323 augendae

274 2329 555 2392 reipublicae,
583 2343 773 2382 memor,
802 2334 988 2374 centum
1021 2327 1072 2373 in
1111 2327 1274 2375 Patres
1313 2327 1441 2389 legit,
1479 2325 1559 2389 qui
1595 2325 1762 2373 deinde

275 2396 509 2441 minorum
544 2392 798 2456 gentium²⁴
837 2399 947 2439 sunt
985 2392 1207 2455 appellati
1226 2412 1237 2440 ι
1275 2392 1415 2440 factio
1454 2390 1584 2438 haud
1619 2391 1763 2438 dubia

276 2460 461 2523 regis-²⁵,
488 2460 619 2522 cujus
641 2459 864 2505 beneficio
887 2459 937 2505 in
960 2459 1135 2505 curiam
1158 2465 1394 2505 venerant.
1466 2456 1650 2503 Bellum
1667 2457 1761 2519 pri-

275 2543 405 2573 mum
429 2542 535 2572 cum
559 2524 740 2571 Latinis
758 2524 917 2586 gessit,
938 2530 985 2571 et
1007 2523 1233 2587 oppidum
1249 2524 1315 2570 ibi
1332 2522 1525 2585 Apiolas
1542 2522 1588 2568 vi
1606 2522 1757 2585 cepit;

276 2592 524 2654 praedaque
545 2590 652 2636 inde
674 2590 862 2652 majore,
890 2593 1028 2652 quarn
1051 2597 1226 2652 quanta
1253 2589 1363 2636 belli
1395 2588 1520 2635 fama
1546 2586 1756 2644 fuerat26,

277 2660 467 2712 revecta,
510 2655 646 2702 ludos
686 2654 951 2718 opulentius
989 2655 1365 2718 instructiusque,
1405 2657 1543 2717 quam
1581 2653 1760 2716 priores

276 2739 422 2785 reges,
449 2722 572 2768 fecit.
642 2721 766 2767 Tum
787 2720 992 2782 primum
1016 2721 1150 2776 circo,
1178 2722 1257 2783 qui
1279 2736 1404 2767 nunc
1436 2719 1668 2766 maximus
1691 2718 1759 2766 di-

280 2788 412 2844 citur,
432 2788 700 2850 designatus
714 2786 843 2832 locus
862 2793 947 2832 est.
974 2786 1099 2833 Loca
1117 2786 1489 2832 dixisaPatribus
1505 2784 1758 2848 equitibus-

281 2869 382 2915 que,
409 2854 489 2899 ubi
513 2851 817 2914 spectacula&
843 2851 932 2898 sibi
949 2851 1142 2915 quisque
1158 2851 1362 2898 facerent
1381 2872 1393 2907 3
1419 2851 1507 2897 fori
1521 2850 1756 2914 appellati.

282 2916 594 2980 Spectavere²⁸
618 2917 760 2964 furcis
784 2916 1022 2964 duodenos
1045 2918 1102 2963 ab
1126 2919 1247 2964 terra
1264 2917 1527 2980 spectacula
1543 2917 1637 2963 alta
1659 2931 1755 2962 susr

280 2983 534 3032 tinentibus
573 2983 731 3046 pedes.
815 2982 1069 3030 Ludicrum
1109 2983 1199 3030 fuit
1235 2983 1340 3046 equi
1378 2982 1664 3047 pugilesque,
1702 2997 1758 3029 ex
