1897 3287
250 217 337 262 126
869 228 915 259 T.
954 227 1109 259 mvn.

245 343 478 390 vocatione
501 342 716 389 adversus
732 341 1033 433 magistratus
1056 340 1115 387 ad
1136 338 1372 413 populum,
1399 337 1706 402 sacrandoque

247 424 353 453 cum
389 408 522 454 bonis
561 406 1006 481 63111167463115,(]111
1049 405 1178 466 regni
1222 404 1474 466 occupandi
1518 404 1706 451 consilia

245 472 420 526 inisset,
455 479 598 534 gratae
628 472 675 517 in
695 471 860 532 wlgus
887 470 1010 531 leges
1039 469 1180 514 fuere.
1256 469 1381 523 Quas
1411 485 1552 530 quum
1581 468 1705 515 solus

245 537 524 610 pertulisset,
548 544 602 582 ut
614 552 708 595 sua
668 535 863 598 ννᾶ11111115
886 535 933 579 111
931 508 1030 579 ζ71115
1053 533 1200 592 gratia
1221 539 1355 588 esset,
1375 540 1474 579 tum
1499 532 1703 579 deinde⁷⁵

246 601 431 648 comitia
465 601 650 662 collegae
668 587 975 672 subrogando
1013 597 1192 643 habuit.
1260 597 1452 643 Creatus
1490 598 1569 659 Sp.
1611 598 1703 643 Lu-

246 666 413 711 cretius
452 665 624 719 60115111,
651 664 743 725 qui,
767 678 934 724 magno
967 670 1093 715 natu,
1118 676 1212 706 non
1245 662 1573 708 sufficientibus
1605 661 1704 723 jam

245 730 416 775 viribus
440 729 498 775 ad
520 728 773 775 consularia
804 742 995 772 munera
1027 725 1250 780 obeunda,
1274 726 1394 771 intra
1414 742 1583 788 paucos
1608 726 1704 771 dies

245 795 454 840 moritur.
526 793 752 839 Suffectus
775 792 822 836 in
846 790 1047 836 Lucretii
1079 790 1229 836 locum
1254 790 1324 835 M.
1352 791 1574 836 Horatius
1598 789 1704 836 Pul-

244 859 394 904 1-111115.
475 856 617 918 Apud
660 856 881 918 quosdam
923 862 1096 900 veteres
1140 861 1345 900 auctores
1388 871 1482 900 non
1523 854 1705 900 invenio

245 922 512 969 Lucretium
567 920 815 967 consulem.
915 919 1061 965 Bruto
1106 919 1263 965 statim
1307 919 1554 965 Horatium
1600 935 1703 980 5118-

245 993 441 1048 gerunt3
485 985 633 1040 credo,
676 985 797 1065 quia
824 983 950 1030 nulla
993 990 1121 1045 gesta
1162 999 1235 1030 res
1278 983 1506 1044 insignem
1549 983 1705 1029 fecerit

247 1051 548 1105 consulatum,
583 1049 803 1095 memoria
834 1046 1176 1095 intercidisseffi.
1245 1047 1466 1093 Nondum
1501 1047 1706 1093 dedicata

247 1122 342 1161 erat
378 1115 428 1161 in
467 1113 694 1187 Capitolio
739 1113 868 1161 Jovis
912 1113 1049 1159 aedes.
1139 1111 1347 1158 'Valerius
1393 1112 1706 1174 Horatiusque

244 1180 454 1225 consules
490 1179 653 1233 sortiti,
694 1185 797 1224 uter
835 1177 1078 1223 dedicaret.
1145 1176 1340 1223 Horatio
1380 1184 1500 1223 sorte
1538 1177 1703 1224 evenit.

163 1268 169 1278 2
246 1244 479 1290 Publicola
501 1243 560 1290 ad
581 1243 843 1305 Vejentium
865 1242 1036 1288 bellum
1059 1241 1330 1304 profectus*
1357 1241 1546 1303 AEgrius
1570 1244 1705 1304 quam

170 1339 173 1349 ·
245 1309 435 1370 dignum
470 1315 566 1355 erat
599 1308 742 1353 tulere
765 1307 934 1353 Valerii
965 1306 1206 1352 necessarii
1246 1305 1576 1352 dedicationem
1609 1313 1705 1352 tam

185 1406 194 1412 »
245 1373 405 1435 inclyti
426 1372 586 1434 templi
610 1372 805 1418 Horatio
829 1371 941 1417 dari.
999 1371 1057 1417 Id
1079 1370 1290 1417 omnibus
1313 1371 1461 1417 modis
1483 1370 1706 1443 impedire

245 1437 409 1491 conati,
433 1445 678 1499 postquam
711 1437 798 1482 alia
829 1436 999 1481 frustra
1029 1442 1206 1481 tentata
1227 1442 1368 1490 erant,
1393 1443 1573 1498 postem
1606 1435 1703 1497 jam

244 1501 460 1547 tenenti⁷⁷
492 1501 666 1548 consuli
700 1501 874 1546 foedum
913 1501 1033 1546 inter
1069 1499 1376 1562 precationem
1414 1500 1549 1546 deum
1587 1516 1703 1545 nun-

244 1566 367 1611 cium
398 1566 640 1620 incutiunt,
685 1571 955 1611 “mortuum
975 1564 1071 1626 ejus
1088 1564 1233 1610 filium
1257 1579 1369 1619 esse,
1394 1563 1704 1626 fimestaque7⁸

247 1630 472 1675 “familia
515 1630 721 1676 dedicare
766 1646 871 1675 eum
915 1629 1139 1701 templum
1183 1645 1276 1675 non
1319 1629 1485 1691 posse?
1595 1629 1704 1675 Non

243 1693 525 1740 crediderit⁷9
549 1695 736 1748 factum,
763 1710 821 1739 an
844 1700 1024 1738 tantum
1058 1693 1209 1739 animo
1242 1692 1418 1739 roboris
1445 1693 1594 1747 fuerit,
1620 1709 1704 1739 nec

243 1758 441 1804 traditur
485 1767 673 1813 certum,
721 1774 804 1803 nec
847 1757 1163 1819 interpretatio
1209 1764 1278 1803 est
1321 1757 1481 1803 facilis.
1572 1757 1704 1803 Nihil

243 1822 367 1868 aliud
406 1822 465 1868 ad
503 1839 606 1869 eum
640 1823 858 1868 nuncium
889 1840 915 1867 a
936 1822 1172 1884 proposito
1212 1837 1410 1877 aversus,
1437 1825 1572 1884 quam
1610 1820 1703 1867 ut⁸⁰

242 1887 432 1953 cadaver
487 1887 636 1934 efferri
684 1887 879 1949 juberet,
952 1894 1112 1933 tenens
1155 1893 1350 1949 postem,
1397 1887 1704 1948 precationem

242 1949 434 2013 peragit,
461 1958 506 1997 et
540 1951 717 1998 dedicat
752 1951 990 2024 templum.
1061 1951 1179 1998 Haec
1216 1958 1322 2014 post
1357 1959 1536 1997 exactos
1575 1967 1705 2012 reges

243 2016 370 2062 domi
406 2016 671 2082 militiaeque
711 2024 839 2077 gesta
870 2016 1019 2077 primo
1059 2032 1194 2062 anno.
1264 2015 1380 2062 Inde
1415 2016 1467 2061 P.
1495 2015 1704 2061 Valerius

241 2080 425 2135 iterum,
441 2081 506 2125 Τ.
533 2080 774 2126 Lucretius
798 2080 1005 2126 consules
1028 2081 1154 2126 facti.

307 2145 396 2190 IX.
434 2145 541 2192 Jam
564 2145 801 2208 Tarquinii
835 2145 893 2190 ad
927 2144 1146 2191 Lartem&
1171 2134 1433 2200 Pors'effiam,
1462 2144 1702 2190 Clusinum

240 2225 344 2271 rege
392 2209 742 2272 wperfugerant
812 2210 898 2264 Ibi,
924 2209 1155 2255 miscendo
1179 2210 1418 2255 consilium
1440 2225 1700 2272 precesque,

240 2290 363 2321 nunc
399 2275 604 2331 orabant,
646 2280 677 2300 “
694 2290 751 2320 ne
786 2290 847 2328 56,
890 2274 1105 2334 oriundos
1145 2291 1199 2320 ex
1236 2274 1459 2329 Etruscis,
1499 2274 1702 2336 ejusdem

244 2344 276 2363 “
299 2355 319 2384 s
382 2339 533 2401 guinis
577 2339 880 2400 nominisque,
923 2347 1106 2401 egentes
1152 2339 1355 2385 exsulare
1394 2346 1627 2401 pateretur
1647 2338 1698 2393 ;''

239 2419 361 2450 nunc
405 2404 653 2450 monebant
697 2404 848 2457 etiam,
890 2409 994 2449 “ne
1033 2404 1254 2450 orientem
1291 2420 1466 2449 morem
1504 2403 1703 2464 pellendi

243 2473 274 2492 “
295 2484 426 2529 reges
447 2468 647 2514 inultum
672 2468 854 2514 sineret.
925 2468 1044 2514 Satis
1076 2468 1333 2514 libertatem
1365 2468 1513 2529 ipsam
1535 2467 1703 2515 habere

244 2537 274 2556 “
297 2532 565 2579 dulcedinis.
634 2533 753 2587 Nisi,
796 2536 965 2594 quanta
1002 2533 1047 2578 vi
1090 2533 1295 2578 civitates
1331 2547 1430 2577 eam
1468 2539 1699 2593 expetant,

242 2601 273 2620 “
296 2599 424 2642 tanta
461 2612 601 2658 168113
629 2612 758 2658 reges
793 2597 1053 2651 defendant,
1080 2597 1251 2658 aequari
1286 2612 1465 2641 summa
1496 2596 1698 2652 infimis3

243 2666 272 2684 “
295 2661 423 2715 nihil,
450 2661 573 2723 quod
611 2677 750 2722 supra
787 2667 935 2707 cetera
968 2662 1178 2715 emineat,
1213 2660 1262 2705 in
1296 2661 1552 2706 civitatibus
1585 2661 1697 2707 fore.

243 2730 272 2749 “
294 2725 470 2772 Adesse
508 2727 647 2772 finem
682 2725 848 2786 regnis,
874 2725 940 2771 rei
976 2725 1094 2771 inter
1129 2725 1236 2770 deos
1269 2725 1567 2787 hominesque
1600 2725 1700 2787 pul-

242 2793 273 2813 “
295 2790 581 2836 cherrimae.''
651 2790 867 2843 Porsena,
908 2795 1008 2834 tum
1046 2805 1199 2850 regern
1239 2805 1335 2835 esse
1379 2791 1557 2844 Romae,
1598 2798 1698 2835 tum

238 2851 446 2900 Etruscae
479 2854 630 2916 gentis
663 2870 831 2916 regem,
859 2853 1102 2915 aluph-3132&
1127 2854 1289 2899 Tuscis
1323 2862 1465 2908 ratus,
1502 2854 1699 2900 Romam

236 2916 403 2964 infesto
442 2919 642 2966 exercitu
662 2918 802 2965 venit.
871 2918 979 2964 Non
1017 2934 1220 2982 unquam
1259 2918 1368 2964 alias
1401 2921 1510 2965 ante
1541 2925 1699 2964 tantus

1017 3073 1037 3087 ἵ
