1897 3287
263 191 353 234 152
863 204 911 236 τ.
947 202 1101 236 mvn.

261 316 353 362 “ni
392 322 465 363 eat
500 319 706 379 propere,
753 333 804 363 ac
840 317 1026 363 nunciet
1070 316 1380 363 consulibus.''
1449 317 1555 365 Jam
1593 333 1710 380 prae·

259 381 429 427 sentior
450 397 521 426 res
539 380 694 427 erat⁵⁵.
764 381 1110 428 Cunctantem⁵⁶
1141 389 1294 427 tamen
1327 398 1379 428 ac
1405 383 1710 443 prolatantem

256 445 417 507 ingens
459 445 527 490 vis
570 446 718 491 morbi
761 446 919 492 adorta
965 452 1033 491 est
1076 445 1307 491 debilitate
1352 447 1514 492 subita.
1589 448 1710 493 Tum

257 511 483 556 enimvero
528 509 715 555 deorum
757 510 824 555 ira
862 509 1114 555 admonuit.
1187 509 1353 555 Fessus
1395 511 1535 572 igitur
1577 512 1710 557 malis

256 574 500 635 praeteritis
515 573 893 635 instantibusque,
913 573 1099 619 consilio
1115 574 1472 647 propinquorum
1488 575 1709 630 adhibito,

257 655 397 700 quum
434 639 531 683 visa
574 646 707 700 atque
746 638 914 691 audita,
962 644 1008 682 et
1045 637 1333 683 obversatum
1371 640 1506 684 toties
1552 655 1712 685 somno

257 703 433 757 Jovem,
469 703 616 747 minas
648 703 827 763 irasque
861 701 1066 747 coelestes
1105 702 1496 762 repraesentatas⁵7
1532 704 1712 750 casibus

257 769 365 821 suis,
403 766 700 827 exposuisset,
742 782 966 811 consensu
1003 765 1110 810 inde
1148 765 1273 811 haud
1311 766 1448 812 dubio
1488 769 1708 822 omnium,

257 832 335 893 qui
351 831 549 884 aderant,
587 830 635 875 in
657 830 806 875 forum
829 830 887 875 ad
904 830 1112 876 6011311163
1131 829 1289 876 lectica
1310 830 1525 877 adfertur.
1595 832 1712 878 Inde

255 897 304 940 111
347 895 517 941 curiam
555 893 690 956 jussu
733 894 969 940 consulum
1013 894 1205 949 delatus,
1252 894 1408 940 eadem
1451 895 1529 941 illa
1571 913 1712 958 quum

256 960 469 1004 Patribus
506 959 682 1019 ingenti
719 959 923 1004 omnium
962 958 1260 1005 admiratione
1299 961 1562 1014 enarrasset,
1612 977 1712 1007 6666

256 1024 379 1069 aliud
400 997 684 1068 miraciilum.
753 1023 844 1077 Qui
866 1030 1026 1084 captus
1057 1023 1267 1069 omnibus
1290 1024 1506 1069 membris
1537 1024 1713 1070 delatus

254 1089 303 1133 in
347 1088 518 1133 curiam
552 1094 685 1142 esset,
739 1104 856 1143 eum,
915 1088 1125 1134 functum
1169 1087 1331 1142 officio,
1379 1088 1573 1149 pedibus
1619 1089 1713 1135 suis

255 1153 443 1198 domum
465 1152 668 1206 rediisse,
704 1152 924 1198 tradit-um
946 1153 1178 1199 memoriae
1201 1159 1285 1198 est.

318 1217 572 1263 XXXVII.
643 1217 764 1262 Ludi
786 1220 921 1279 quam
950 1217 1219 1278 amplissimi
1241 1223 1294 1262 ut
1315 1217 1488 1271 fierent,
1527 1223 1713 1263 senatus

255 1282 465 1328 decrevit.
533 1281 609 1328 Ad
633 1297 708 1327 eos
730 1281 877 1336 ludos,
915 1289 1096 1327 auctore
1117 1281 1249 1327 Attio
1271 1280 1419 1335 Tullo,
1456 1280 1524 1326 vis
1546 1297 1712 1343 magna

255 1347 523 1392 Volscorum
584 1347 723 1392 venit.
813 1346 1084 1407 Priusquam
1140 1345 1533 1391 committerentur
1596 1345 1708 1400 ludi,

253 1411 428 1464 Tullus,
476 1418 529 1456 ut
568 1410 691 1456 domi
735 1411 1038 1472 compositum
1083 1427 1187 1456 cum
1231 1409 1408 1455 Marcio
1447 1409 1607 1464 fuerat,
1655 1410 1714 1456 ad

256 1475 462 1520 consules
485 1475 638 1528 venit3
676 1475 785 1520 dicit
821 1491 931 1529 esse,
971 1491 1072 1537 quae
1097 1474 1267 1520 secreto
1302 1490 1435 1535 agere
1458 1473 1513 1519 de
1548 1475 1712 1535 repub-

255 1539 339 1584 lica
360 1540 483 1584 velit.
551 1539 751 1584 Arbitris
782 1540 981 1592 remotis,
1026 1539 1302 1593 “Invitus,''
1339 1538 1502 1600 inquit,
1543 1539 1714 1600 “quod

261 1602 523 1665 “sequjusffi
564 1604 635 1658 sit,
687 1603 741 1648 de
785 1605 898 1649 meis
944 1603 1116 1649 civibus
1163 1603 1337 1664 loquor.
1407 1603 1517 1648 Non
1559 1610 1714 1648 tamen

261 1673 291 1691 ‘⁶
308 1667 556 1713 admissum
595 1667 840 1729 quidquam
880 1669 936 1713 ab
974 1668 1030 1713 iis
1068 1665 1393 1713 criminatum⁵9
1429 1667 1593 1721 venio3
1634 1667 1713 1713 sed

261 1738 289 1756 “
307 1740 504 1786 cautum,
562 1747 619 1777 ne
653 1732 913 1778 admittant.
1003 1732 1160 1777 Nimio
1209 1731 1328 1793 plus,
1380 1733 1516 1792 quam
1559 1731 1711 1786 velim,

262 1802 568 1842 “nostrorum
606 1796 789 1858 ingenia
823 1803 931 1843 sunt
969 1797 1170 1842 mobilia.
1240 1794 1405 1841 Multis
1432 1795 1482 1841 id
1510 1795 1713 1842 cladibus

261 1867 289 1886 “
308 1861 545 1916 sensimus,
586 1862 753 1922 quippe
792 1861 870 1923 qui
906 1877 999 1908 non
1036 1867 1192 1907 nostro
1230 1859 1406 1915 merito,
1448 1859 1530 1906 sed
1565 1862 1718 1908 vestr&

260 1925 538 1986 “patientia,
585 1925 833 1971 incolumes
878 1925 1036 1971 simus.
1106 1925 1281 1986 Magna
1321 1924 1398 1970 hic
1440 1941 1563 1970 nunc
1605 1925 1713 1971 Vol-

260 1995 290 2014 “
308 2006 487 2035 scorum
523 1990 770 2035 multitudo
809 1997 905 2044 est;
941 1990 1038 2035 ludi
1073 1997 1210 2044 sunt3
1248 1989 1504 2051 spectaculo
1536 1989 1714 2035 intenta

260 2060 290 2078 “
307 2054 463 2100 civitas
487 2061 597 2099 erat.
666 2054 861 2104 Memini
884 2054 995 2116 quid
1026 2070 1107 2115 per
1130 2053 1318 2099 eandem
1341 2054 1623 2099 occasionem
1654 2054 1712 2100 ab

260 2117 614 2164 “Sabinorum60
654 2118 893 2180 juventute
930 2119 979 2164 in
1021 2119 1106 2163 hac
1143 2119 1254 2163 urbe
1299 2118 1594 2163 commissum
1618 2118 1709 2172 sit;

260 2189 289 2208 “
303 2182 458 2228 horret
480 2183 659 2228 animus
681 2199 738 2228 ne
757 2183 864 2244 quid
881 2183 1135 2228 inconsulte
1158 2199 1209 2228 ac
1226 2189 1396 2228 temere
1412 2183 1508 2228 fiat.
1577 2183 1707 2238 Haec,

260 2250 462 2293 “nostra
488 2250 724 2309 vestraque
755 2250 902 2302 causa,
938 2246 1064 2308 prius
1096 2246 1287 2292 dicenda
1307 2246 1450 2301 vobis,
1487 2247 1708 2300 consules,

260 2318 289 2337 “
306 2320 430 2358 ratus
450 2328 566 2358 sum.
637 2312 774 2366 Quod
795 2312 854 2358 ad
876 2328 947 2360 me
970 2312 1131 2357 attinet
1151 2310 1377 2372 extemplo
1392 2311 1501 2356 hinc
1524 2311 1710 2356 domum

260 2377 424 2422 “abire
460 2377 509 2423 in
532 2377 682 2422 animo
718 2383 801 2431 est,
837 2393 894 2423 ne
918 2375 1079 2438 cujusf’l
1116 2376 1224 2421 facti
1247 2375 1411 2420 dictive
1445 2374 1711 2435 contagione

259 2447 289 2466 “
306 2457 508 2503 praesens
530 2441 683 2487 violer.
688 2442 717 2460 '⁹
788 2442 905 2487 Haec
925 2441 1105 2486 locutus
1127 2440 1254 2485 abiit.
1324 2438 1545 2484 Consules
1569 2454 1710 2499 quum

256 2506 314 2551 ad
352 2506 510 2552 Patres
553 2521 649 2551 rem
688 2506 873 2551 dubiam
912 2506 996 2551 sub
1036 2511 1218 2550 auctore
1257 2509 1379 2549 certo
1423 2502 1705 2557 detulissent,

255 2576 411 2616 auctor
442 2570 602 2631 magis,
638 2576 690 2615 ut
712 2572 777 2625 fit,
816 2573 951 2632 quam
979 2586 1064 2624 res,
1103 2568 1162 2614 ad
1182 2566 1530 2629 praecavendum
1562 2566 1711 2612 velex

257 2650 534 2696 supervacuo
572 2634 745 2688 movit3
792 2634 1000 2696 factoque
1046 2631 1453 2685 senatusconsulto,
1501 2638 1555 2676 ut
1597 2631 1709 2676 urbe

257 2699 522 2744 excederent
565 2698 772 2753 Volseiffl,
814 2714 1047 2760 praecones
1084 2697 1392 2751 dimittuntur,
1430 2695 1507 2757 qui
1551 2711 1709 2741 omnoe

258 2779 333 2808 603
350 2763 574 2825 proficisci
596 2770 700 2809 ante
716 2776 896 2808 noctem
912 2762 1140 2824 juberent.
1208 2762 1379 2822 Ingens
1401 2776 1541 2822 pavor
1561 2759 1709 2821 primo

259 2826 558 2873 discurrentes
592 2828 650 2873 ad
680 2844 785 2874 suas
818 2843 891 2872 res
922 2826 1144 2872 tollendas
1178 2826 1228 2871 in
1264 2825 1466 2887 hospitia
1498 2823 1706 2884 perculit.

260 2890 653 2938 Proficiscentibus
682 2891 843 2938 deinde
864 2889 1116 2954 indignatio
1151 2890 1336 2937 oborta:
1378 2896 1407 2916 “
1425 2890 1497 2945 Se,
1528 2896 1582 2935 ut
1603 2903 1709 2934 con-
