1897 3287
313 228 374 273 32
933 238 980 271 Τ.
1019 238 1175 271 len.

313 359 339 402 a
379 355 468 402 diis
511 354 759 419 impetrata
806 360 941 412 esset,
982 355 1245 402 credebant.
1318 353 1484 418 Ipsum
1514 369 1671 417 regem
1705 358 1795 400 tra-

313 421 445 477 dunt,
471 421 731 468 volventem
755 421 1110 468 commentarios
1134 421 1321 475 Numae,
1342 437 1485 482 quum
1499 420 1565 466 ibi
1580 418 1795 483 quaedam

312 487 493 534 occulta
521 487 744 533 sollennia
768 486 990 533 sacrificia
1013 487 1043 533 J
1046 486 1119 533 ovi
1142 485 1289 532 Elicio
1299 485 1335 511 Ἠ·
1370 486 1492 533 facta
1525 485 1791 540 invenisset,

312 551 603 615 operatum7⁵
619 552 694 598 his
720 552 860 598 sacris
876 568 924 599 se
940 551 1186 606 abdidisse,
1217 550 1299 596 sed
1315 567 1409 597 non
1423 552 1512 598 rite
1529 550 1698 596 initum
1714 556 1795 596 aut

313 626 525 665 curatum
547 617 598 664 id
621 633 801 664 sacrum
833 633 962 672 esse;
1000 633 1085 664 nec
1119 616 1271 663 solum
1307 617 1482 662 nullam
1514 617 1556 663 ei
1590 615 1793 662 oblatam

312 684 570 731 coelestium
600 682 859 746 speciem'ffi,
888 683 970 729 sed
991 683 1059 729 ira
1087 682 1232 737 Joxds,
1265 681 1499 728 sollicitati
1521 682 1662 744 prava
1691 680 1793 727 reli-

312 750 462 812 gione,
490 749 684 795 fulmine
705 749 852 795 ictum
876 764 981 794 cum
1011 747 1199 794 domo⁷⁷
1235 748 1555 810 conflagrasse.
1625 746 1792 792 Tullus

309 818 478 877 magna
500 814 644 877 gloria
664 814 774 860 belli
795 814 1004 876 regnavit
1027 829 1172 859 annos
1196 812 1312 858 duos
1336 820 1381 859 et
1398 813 1604 876 triginta.

377 881 592 926 XXXII.
619 880 811 926 Mortuo
834 879 984 934 Tullo,
1012 895 1100 933 res,
1118 887 1172 924 ut
1194 878 1463 924 institutum
1481 878 1580 941 jam
1602 876 1710 924 inde
1734 876 1792 923 ab

309 945 443 992 initio
466 953 577 1001 erat,
604 945 664 991 ad
686 945 848 992 Patres
871 943 1137 991 redierat‘ffi:
1171 943 1312 1006 hique
1334 943 1611 1006 interregem
1643 942 1792 989 nomi-

309 1019 562 1065 naverant3
589 1027 680 1074 quo
710 1010 898 1058 comitia
933 1010 1149 1065 habente,
1176 1009 1363 1056 Ancum
1387 1009 1619 1055 Marcium
1634 1024 1790 1071 regem

309 1077 510 1139 populus
535 1076 720 1122 creavit.
771 1076 932 1123 Patres
956 1076 1084 1122 fuere
1115 1073 1385 1122 auctores79.
1455 1075 1630 1121 Numae
1653 1075 1790 1121 Pom-

309 1142 410 1204 pilii
432 1142 552 1204 regis
576 1158 735 1205 nepos,
762 1141 857 1188 fili-21
879 1149 1022 1197 ortus,
1050 1142 1212 1188 Ancus
1236 1140 1444 1188 Marcius
1479 1148 1591 1195 erat,
1618 1140 1710 1203 qui,
1738 1147 1792 1186 ut

310 1223 500 1270 regnare
524 1208 678 1270 coepit,
723 1214 770 1253 et
806 1207 943 1254 avitae
979 1207 1140 1270 gloriae
1175 1223 1367 1262 memor,
1410 1214 1455 1252 et
1495 1206 1603 1270 quia
1637 1206 1790 1268 proxi-

308 1290 440 1319 mum
463 1290 672 1336 regnum,
695 1280 846 1320 cetera
868 1273 1118 1336 egregium,
1145 1273 1201 1319 ab
1217 1275 1309 1318 una
1330 1282 1460 1335 parte
1471 1271 1508 1299 ³⁰
1532 1271 1660 1319 haud
1678 1271 1791 1318 satis

309 1355 584 1402 prosperum
608 1339 771 1394 fuerat,
808 1346 888 1385 aut
911 1338 1134 1401 neglectis
1173 1338 1487 1401 religionibus,
1529 1344 1610 1384 aut
1645 1340 1788 1400 prave

310 1404 461 1460 cultis,
497 1404 635 1466 longe
659 1400 1079 1467 antiquissimum&
1101 1411 1243 1459 ratus,
1273 1420 1400 1450 sacra
1429 1403 1628 1466 publica,
1655 1411 1707 1449 ut
1731 1403 1790 1450 ab

309 1470 468 1517 Numa
504 1470 723 1516 instituta
745 1478 887 1525 erant,
915 1470 1078 1525 facere,
1105 1471 1261 1516 omnia
1292 1486 1346 1516 ea
1368 1486 1424 1516 ex
1446 1469 1791 1516 commentariis

308 1536 430 1598 regis
453 1536 735 1598 pontificem,
762 1536 812 1582 in
836 1536 992 1582 album
1010 1535 1212 1591 relataffl,
1250 1551 1507 1599 proponere
1530 1535 1580 1580 in
1602 1533 1789 1598 publico

302 1601 453 1664 jubet.
483 1601 599 1648 Inde
624 1609 670 1647 et
694 1602 869 1647 civibus
893 1602 976 1648 otii
1000 1602 1180 1664 cupidis
1205 1608 1251 1648 et
1274 1601 1486 1647 finitimis
1522 1600 1787 1647 cixitatibus

307 1666 430 1713 facta
455 1683 573 1729 spes,
600 1667 650 1713 in
674 1667 745 1713 avi
767 1683 919 1713 mores
944 1676 1080 1730 atque
1103 1667 1320 1713 instituta
1342 1684 1498 1729 regem
1533 1667 1784 1713 abiturum.

307 1732 461 1795 Igitur
483 1733 653 1788 Latini,
682 1749 788 1778 cum
823 1733 1004 1795 quibus,
1033 1733 1168 1779 Tullo
1203 1742 1438 1795 regnante,
1466 1733 1612 1779 ictum
1635 1731 1789 1779 foedus

308 1804 420 1854 erat,
445 1798 729 1844 sustulerant
747 1798 926 1845 animos
944 1820 955 1854 ;
983 1808 1042 1854 et,
1071 1815 1215 1861 quum
1229 1799 1540 1845 incursionem
1558 1798 1607 1844 in
1624 1814 1788 1860 agrum

307 1864 573 1911 Romanum
609 1864 840 1919 fecissent,
885 1865 1201 1927 repetentibus
1238 1881 1311 1911 res
1336 1864 1561 1911 Romanis
1591 1864 1790 1926 superbe
1857 1919 1865 1929 .

306 1945 581 1992 responsum
629 1929 844 1984 reddunt,
897 1929 1104 1976 desidem
1158 1931 1423 1976 Romanum
1459 1945 1616 1992 regem
1667 1929 1790 1976 inter

306 1995 472 2042 sacella
494 2003 540 2041 et
564 2011 664 2041 aras
688 2002 900 2042 acturum
924 2011 1024 2041 esse
1048 2012 1242 2058 regnum
1276 1996 1381 2042 rati.
1452 1995 1667 2043 Medium
1691 2002 1790 2042 erat

304 2060 353 2107 in
378 2061 510 2107 Anco
548 2059 847 2123 ingenium83,
885 2068 931 2107 et
965 2061 1140 2107 Numae
1172 2070 1219 2107 et
1255 2060 1446 2108 Romuli
1478 2077 1685 2108 memor:
1723 2067 1783 2116 et,

305 2133 616 2189 praeterquam
656 2126 779 2188 quod
814 2126 886 2172 avi
922 2143 1064 2188 regno
1103 2126 1253 2189 magis
1292 2127 1600 2173 necessariam
1642 2125 1787 2173 fuisse

303 2208 465 2254 pacem
511 2191 739 2247 credebat,
787 2207 931 2254 quum
975 2192 1024 2238 in
1067 2207 1201 2248 novo,
1250 2198 1353 2238 tum
1397 2192 1538 2239 feroci
1594 2191 1782 2255 populo,

305 2258 458 2313 etiam,
486 2257 611 2320 quod
632 2257 699 2303 illi
723 2257 992 2319 contigisset
1015 2257 1176 2313 otium,
1205 2258 1303 2305 sine
1325 2258 1494 2322 injuria
1514 2257 1565 2304 id
1587 2274 1636 2305 se
1658 2257 1787 2304 haud

303 2322 438 2369 facile
460 2323 758 2369 habiturum:
796 2324 966 2369 tentari
1004 2323 1292 2386 patientiam,
1330 2332 1376 2370 et
1416 2331 1645 2370 tentatam
1679 2339 1786 2370 con-

303 2389 449 2435 temni
467 2407 477 2434 :
514 2396 814 2451 temporaque
837 2405 937 2435 esse
959 2389 1096 2436 Tullo
1111 2389 1208 2452 regi
1223 2389 1416 2452 aptiora,
1437 2392 1575 2453 quam
1594 2389 1783 2436 Numae.

303 2453 370 2499 rt
394 2462 563 2509 tamen,
592 2454 810 2516 quoniam
833 2454 993 2500 Numa
1014 2455 1062 2501 in
1085 2471 1198 2518 pace
1221 2455 1466 2518 religiones
1487 2453 1782 2510 instituisset,

302 2522 328 2564 a
373 2537 421 2566 se
465 2519 643 2566 bellicae
688 2520 961 2566 ceremoniae
1005 2520 1311 2583 proderentur
1328 2541 1339 2575 ;
1388 2537 1473 2567 nec
1517 2527 1786 2582 gererentur

303 2583 469 2640 solum,
499 2584 582 2631 sed
603 2584 743 2631 etiarn
767 2585 1093 2641 indicerentur,
1121 2586 1242 2632 bella
1275 2586 1428 2649 aliquo
1467 2585 1593 2641 ritu;
1623 2585 1703 2648 jus
1725 2585 1785 2632 ab

302 2651 490 2714 mitique.
527 2658 664 2713 gente
699 2650 970 2713 AEquicOIiS,
1014 2651 1139 2714 quod
1181 2668 1306 2698 nunc
1357 2651 1540 2698 feciales
1592 2651 1781 2706 habent,

301 2715 604 2779 descripsit84,
633 2732 724 2779 quo
752 2732 825 2762 res
860 2724 1151 2779 repetuntur.
1222 2717 1441 2780 Legatus,
1469 2717 1550 2763 ubi
1574 2715 1634 2763 ad
1669 2717 1786 2763 fines

302 2797 461 2827 eorum
505 2781 644 2836 venit,
693 2781 818 2828 unde
852 2798 926 2828 res
961 2789 1248 2844 repetuntur,
1298 2783 1448 2844 capite
1492 2782 1644 2829 velato
1688 2782 1781 2837 filo,

306 2846 445 2907 (lanae
469 2847 676 2893 velamen
695 2846 786 2908 est)
799 2846 853 2903 ⁸⁵,
878 2853 909 2872 “
925 2847 1068 2903 Audi,
1095 2848 1126 2895 J
1129 2848 1330 2910 upiter,''
1358 2847 1524 2911 inquit,
1558 2854 1589 2873 “
1611 2847 1782 2902 audite,

305 2918 337 2936 “
360 2913 524 2967 fines,''
558 2912 893 2976 (cujuscunque
917 2913 1070 2975 gentis
1118 2921 1241 2969 sunt,
1280 2913 1532 2975 nominat‚)
1580 2912 1783 2960 “audiat

306 2982 336 3002 “
359 2975 490 3024 fassss.
560 2977 662 3041 Ego
708 2994 813 3025 sum
852 2978 1067 3042 publicus
1103 2979 1303 3027 nuncius
1351 2979 1515 3043 populi
1552 2977 1783 3034 Romani;
