1897 3287
641 235 809 266 LIBER
834 235 870 266 1.
910 233 954 266 c.
983 235 1057 266 vr.
1570 222 1595 269 7

123 349 269 398 moria
314 355 566 411 nepotum3
625 348 989 411 sciscitandoque
1036 347 1197 395 eodem
1235 347 1500 411 pervenitw,
1542 356 1598 395 ut

120 415 246 462 haud
268 415 429 477 procul
446 422 580 470 esset,
608 414 720 477 quin
738 416 938 460 Remum
957 418 1241 476 agnosceret.
1300 413 1377 459 Ita
1392 414 1596 477 undique

123 480 220 542 regi
243 479 375 526 dolus
390 479 650 526 nectitur⁷⁹.
700 479 943 534 Romulus,
964 495 1059 525 non
1076 494 1182 525 cum
1200 477 1337 539 globo
1353 477 1592 539 juvenum,

123 545 230 607 (nec
253 545 378 591 enim
402 552 500 591 erat
523 545 582 591 ad
605 545 699 591 vim
723 551 930 607 apertam
952 543 1057 606 par)
1086 543 1168 589 sed
1189 542 1291 590 aliis
1319 542 1408 589 alio
1430 543 1594 590 itinere

111 609 256 673 jussis
292 617 417 656 certo
455 617 663 673 tempore
700 610 760 656 ad
793 610 968 673 regiam
1011 609 1166 655 venire
1208 608 1489 670 pastoribus,
1536 609 1595 654 ad

118 691 274 738 regem
297 674 525 737 impetum
549 676 687 730 facit;
726 682 772 722 et
805 677 833 720 a
867 672 1050 720 domo³⁰
1077 673 1339 720 Numitoris
1363 673 1451 719 alia
1473 689 1594 720 com-

116 743 278 803 parata⁴
300 757 443 787 manu
464 741 652 804 adjuvat
675 741 850 787 Remus
872 759 882 786 :
919 740 987 785 ita
1008 755 1163 801 regem
1186 739 1481 786 obtruncant.

183 806 269 852 VI.
308 806 543 861 Numitor,
563 806 685 852 inter
705 806 909 869 primum
924 805 1179 851 tumultum
1194 804 1355 851 hostes
1371 803 1593 850 invasisse

116 870 280 919 urbem
325 878 464 934 atque
507 871 694 918 adortos
739 871 914 933 regiam
958 870 1192 925 dictitans,
1234 885 1378 932 quum
1421 869 1594 932 pubem

114 936 348 984 Albanam
371 937 422 982 in
444 937 614 984 Arcem
648 937 867 1000 praesidio
902 936 1132 996 armisque
1165 933 1466 981 obtinendam
1489 950 1593 981 avo-

116 1001 316 1057 cassetffl,
342 1010 644 1065 posteaquam
661 1003 867 1066 juvenes,
888 1002 1152 1064 perpetrata
1166 1000 1308 1055 caede,
1327 1015 1518 1063 pergere
1534 999 1594 1046 ad

116 1083 166 1113 se
199 1067 484 1130 gratulantes
519 1068 651 1122 vidit,
688 1067 919 1129 extemplo
946 1066 1166 1113 advocato
1189 1065 1395 1121 concilio,
1423 1065 1594 1112 scelera

115 1131 165 1179 in
189 1149 237 1179 se
257 1132 428 1188 fratris,
456 1133 681 1195 originem
703 1139 940 1194 nepotum,
967 1139 1022 1178 ut
1055 1131 1212 1194 geniti,
1240 1138 1293 1177 ut
1316 1130 1512 1186 educati,
1539 1138 1594 1176 ut

116 1198 291 1260 cogniti
320 1205 489 1253 essent,
516 1198 691 1244 caedem
726 1198 942 1258 deinceps
976 1197 1177 1259 tyranni,
1205 1212 1344 1258 seque
1366 1196 1465 1259 ejus
1489 1212 1592 1242 auc-

115 1269 264 1310 torem
287 1263 506 1309 ostendit.
556 1264 587 1311 J
589 1279 774 1318 uvenes,
793 1279 876 1325 per
897 1261 1097 1308 mediam
1120 1262 1387 1308 concionem
1410 1261 1593 1323 agmine

114 1327 368 1390 ingressiffl,
415 1344 560 1391 quum
604 1345 742 1374 avum
786 1344 942 1390 regem
996 1327 1287 1382 salutassent,
1336 1333 1495 1373 secuta
1538 1342 1593 1372 ex

115 1393 286 1440 omni⁸³
309 1393 609 1440 multitudine
643 1394 935 1440 consentiens
957 1408 1048 1439 vox
1080 1399 1233 1438 ratum
1256 1408 1427 1439 nomen
1448 1391 1593 1454 impe-

115 1459 326 1521 riumque
349 1459 445 1521 regi
469 1460 634 1506 effecit.
706 1460 782 1505 Ita
804 1458 1042 1505 Numitori
1065 1458 1248 1504 Albana
1279 1457 1504 1521 permissa
1526 1473 1590 1511 re,

116 1524 371 1570 Romulum
408 1525 699 1587 Remumque
745 1523 913 1586 cupido
957 1523 1094 1586 cepit,
1141 1523 1191 1569 in
1234 1523 1293 1570 iis
1336 1522 1464 1578 locis,
1512 1523 1594 1568 ubi

116 1589 329 1651 expositi,
371 1589 542 1653 ubique
564 1589 748 1636 educati
782 1596 925 1644 erant,
962 1589 1093 1635 urbis
1129 1587 1411 1643 condendae3
1450 1594 1497 1634 et
1519 1604 1594 1633 su-

115 1662 298 1717 pererat
321 1655 574 1702 multitudo
589 1656 879 1701 Albanorum
898 1655 1280 1716 Latinorumque.
1317 1653 1397 1700 Ad
1417 1653 1468 1699 id
1489 1668 1594 1715 pas-

115 1728 239 1767 tores
258 1737 438 1782 quoque
453 1727 752 1774 accesserant,
768 1720 846 1783 qui
861 1736 1019 1766 omnes
1036 1719 1170 1766 facile
1189 1735 1319 1782 spem
1335 1717 1591 1772 facerent⁸⁴,

115 1801 307 1848 parvam
346 1786 530 1841 Albam,
573 1802 769 1849 parvum
806 1785 1066 1840 Lavinium,
1106 1801 1205 1847 prae
1245 1786 1298 1831 ea
1334 1784 1462 1839 urbe,
1489 1799 1595 1845 quae

117 1850 406 1906 conderetur,
437 1851 551 1898 fore.
623 1850 880 1897 Intervenit
917 1849 1083 1897 deinde
1121 1849 1197 1896 his
1234 1848 1595 1911 cogitationibus

116 1916 292 1962 avitum
326 1916 514 1972 malum,
553 1916 683 1979 regni
716 1915 914 1978 cupid03
953 1922 1090 1977 atque
1119 1914 1228 1961 inde
1249 1914 1428 1961 soedum
1451 1920 1595 1961 certa—

117 1997 225 2028 men
248 1988 457 2028 coortum
481 1985 507 2027 a
542 1983 653 2028 satis
687 1982 791 2027 miti
824 1980 1053 2043 principio
1063 1979 1118 2036 ⁸⁵,
1160 1979 1400 2042 (quoniam
1423 1979 1596 2042 gemini

116 2053 286 2102 essent,
312 2062 397 2094 nec
420 2048 574 2094 aetatis
590 2047 866 2094 verecundia
883 2045 1130 2092 discrimen
1151 2045 1299 2092 facere
1321 2044 1519 2108 posset,)
1543 2053 1596 2090 ut

117 2112 212 2167 Dii,
239 2129 435 2174 quorum
470 2113 631 2160 tutelae
671 2129 725 2159 ea
761 2113 861 2158 loca
892 2117 1046 2158 essent
1055 2110 1106 2167 ⁸⁶,
1145 2111 1351 2173 auguriis
1373 2110 1593 2173 legerent,

118 2177 198 2239 qui
219 2194 390 2224 nomen
428 2195 560 2225 novae
596 2179 701 2224 urbi
737 2177 881 2232 daret,
924 2177 1004 2239 qui
1042 2176 1276 2223 conditam
1309 2175 1505 2238 imperio
1527 2191 1597 2221 re-

119 2250 263 2305 geret.
334 2243 611 2289 Palatium⁸⁷
637 2244 880 2298 Romulus,
917 2243 1092 2290 Remus
1116 2240 1417 2296 Aventinum,
1445 2240 1506 2286 ad
1527 2240 1596 2286 in-

117 2308 441 2371 augurandum
464 2308 683 2371 templa83
705 2309 910 2370 capiunt.
997 2307 1147 2354 Priori
1177 2307 1325 2354 Remo
1352 2305 1599 2368 augurium

120 2373 300 2420 venisse
322 2374 484 2429 fertur,
522 2391 602 2420 sex
633 2374 870 2428 vultures3
902 2373 1106 2436 jamque,
1142 2371 1363 2418 nunciato
1386 2370 1592 2433 augurio,

121 2455 265 2501 quum
289 2439 460 2502 duplex
480 2455 702 2486 numerus
727 2438 927 2486 Romulo
960 2454 1008 2485 se
1031 2438 1324 2493 ostendisset,
1350 2443 1599 2498 utrumque

121 2519 278 2567 regem
301 2521 385 2550 sua
419 2505 670 2551 multitudo
706 2504 1102 2551 consalutaverat:
1138 2510 1348 2565 tempore
1378 2501 1448 2548 illi
1479 2517 1599 2564 prae-

122 2576 257 2631 cepto
266 2568 318 2625 ⁸⁹,
346 2578 394 2616 at
416 2570 468 2616 hi
489 2586 682 2617 numero
716 2570 884 2625 avium,
910 2585 1106 2632 regnum
1128 2568 1392 2615 trahebant.
1462 2565 1596 2622 Inde,

124 2649 232 2681 cum
252 2634 549 2682 altercatione
583 2635 830 2698 congressi,
859 2635 1108 2681 certamine
1143 2634 1317 2680 irarum
1341 2631 1403 2679 ad
1423 2630 1601 2678 caedem

124 2706 394 2746 vertuntur:
430 2701 496 2747 ibi
517 2702 567 2747 in
588 2701 724 2748 turba
751 2701 873 2747 ictus
908 2701 1084 2746 Remus
1108 2698 1286 2746 cecidit.
1355 2696 1601 2759 Vulgatior

125 2763 252 2812 fama
293 2772 378 2820 est,
425 2766 626 2813 ludibrio
675 2766 833 2812 fratris
879 2766 1080 2812 Remum
1122 2781 1267 2812 novos
1310 2762 1602 2810 transiluisse

126 2845 314 2884 muros;
360 2831 469 2879 inde
513 2832 570 2878 ab
614 2832 733 2878 irato
778 2830 978 2878 Romulo
1029 2830 1194 2891 (quum
1231 2828 1382 2876 verbis
1421 2839 1618 2892 quoqu&

126 2894 408 2957 increpitans
452 2897 707 2959 adjecisset,
775 2898 854 2942 Sic
904 2897 1068 2942 deinde
1086 2893 1141 2952 ⁹⁰,
1190 2897 1440 2958 quicunque
1483 2894 1599 2940 aliua

128 2961 364 3007 transiliet
386 2964 548 3009 moem‘a
570 2961 690 3024 mea)
716 2962 1026 3009 interfectum.
