1897 3287
282 251 306 291 4
889 261 936 292 Τ.
977 260 1130 292 mvn.

277 376 423 423 virilis
446 393 502 423 ex
522 392 642 424 novo
675 376 975 424 matrimonio
1011 376 1117 432 fuit,
1143 375 1217 423 cui
1249 374 1504 422 Ascanium
1538 380 1755 438 parentes

277 441 433 489 dixere
454 459 641 489 nomen.

343 507 414 554 ΙΙ.
450 508 582 555 Bello
607 508 773 556 deinde
803 507 1083 572 Aborigines
1116 505 1396 569 Trojanique
1431 505 1570 552 simul
1601 505 1754 569 petiti.

277 573 479 629 Turnus,
499 590 580 620 rex
599 574 897 630 Rutulorum,
916 575 990 621 cui
1007 580 1146 635 pacta
1162 572 1357 618 Lavinia
1378 579 1484 618 ante
1507 571 1759 617 adventum

277 640 440 686 AEneae
461 639 626 695 fuerat,
644 640 892 703 praelatum
911 640 999 686 sibi
1018 638 1239 685 advenam
1258 640 1382 699 aegre
1394 637 1591 699 patiens,
1620 635 1760 682 simul

277 705 442 752 AEneae
476 704 737 768 Latinoque
769 706 943 752 bellum
976 704 1214 751 intulerat.
1283 703 1465 749 Neutra
1498 703 1618 752 acies
1650 701 1761 748 laeta

279 786 334 816 ex
357 785 410 816 eo
445 771 695 818 certamine
729 772 864 826 abiit;
901 771 1012 817 victi
1036 769 1223 824 Rutuli3
1259 769 1457 814 victores
1480 767 1759 830 Aboriginae

277 835 557 899 Trojanique
580 836 745 883 ducem
778 837 1000 883 Latinum
1035 836 1243 881 amisere.
1314 833 1432 880 Inde
1453 834 1639 880 Turnus
1663 833 1760 879 Ru-

279 901 470 964 tulique,
525 901 667 949 diffisi
717 902 870 958 rebus,
925 902 985 949 ad
1022 902 1240 947 florentes
1289 898 1594 945 Etruscorum
1629 913 1756 961 opeS,

278 965 658 1030 Mezentiumque
693 984 852 1014 eorum
889 983 1059 1029 regem,
1104 964 1379 1026 confugiunt
1396 985 1408 1020 ;
1459 964 1552 1028 qui,
1591 962 1763 1011 Caere³⁴

277 1032 498 1094 opulento
535 1032 679 1079 tum³⁵
718 1033 891 1096 oppido
929 1032 1216 1095 imperitans,
1249 1030 1348 1093 jam
1387 1029 1495 1076 inde
1531 1029 1588 1076 ab
1626 1029 1762 1075 initio

278 1099 470 1144 nu'nime
505 1098 642 1145 laetus
678 1114 811 1146 novae
847 1098 1024 1161 origine
1057 1097 1198 1152 urbis,
1238 1104 1284 1143 et
1319 1104 1422 1142 tum
1456 1095 1602 1146 nimio
1636 1094 1757 1157 plus,

277 1166 415 1225 quam
440 1164 552 1209 satis
576 1163 774 1210 tutum³⁶
807 1172 929 1211 esset
960 1163 1140 1218 accoliS,
1168 1179 1264 1208 rem
1287 1161 1536 1224 Trojanam
1559 1175 1763 1207 crescere

277 1236 420 1283 ratus,
448 1229 576 1275 haud
593 1229 819 1291 gravatim
843 1229 967 1276 socia
990 1245 1118 1275 arma
1141 1227 1330 1274 Rutulis
1347 1227 1519 1290 junxit.
1569 1227 1759 1281 AEneaS,

278 1293 497 1340 adversus
521 1295 642 1341 tanti
662 1294 771 1342 belh'
799 1302 1021 1341 terrorem
1043 1302 1097 1340 ut
1128 1294 1306 1340 animos
1330 1292 1640 1355 Aboriginum
1673 1291 1762 1337 sibi

278 1359 557 1414 conciliaret,
583 1376 641 1407 ne
666 1360 751 1406 sub
771 1360 933 1407 eodem
950 1359 1097 1423 jure³⁷
1115 1358 1281 1414 solum,
1301 1358 1383 1404 sed
1398 1359 1537 1404 etiam
1554 1357 1757 1413 nomine,

278 1441 439 1471 omnes
496 1434 664 1480 essent,
726 1426 920 1472 Latinos
958 1434 1202 1488 utramque
1258 1432 1444 1487 gentem
1494 1422 1759 1486 appellavit.

279 1490 380 1535 Nec
426 1489 590 1537 deinde
642 1490 921 1553 Aborigines
966 1492 1179 1553 Trojanis
1215 1490 1370 1536 studio
1418 1506 1470 1536 ac
1516 1489 1608 1534 fide
1655 1505 1764 1551 erga

279 1571 432 1617 regem
448 1557 628 1602 AEnean
651 1573 847 1612 cessere3
875 1557 1113 1619 fretusque
1135 1557 1211 1602 his
1228 1555 1393 1601 animis
1409 1554 1763 1602 coalescentium

278 1620 326 1665 in
362 1620 459 1667 (lies
494 1623 642 1683 magis
678 1622 876 1674 duorum
910 1622 1204 1684 populorum,
1258 1623 1444 1677 AEneas‚
1499 1636 1763 1683 quanquam

278 1695 409 1731 tanta
450 1687 616 1748 opibus
645 1687 834 1733 Etruria
856 1697 969 1743 erat,
996 1696 1050 1733 ut
1068 1688 1164 1750 jam
1200 1703 1295 1733 non
1318 1695 1462 1732 terras
1487 1684 1652 1741 solum,
1681 1684 1764 1732 sed

278 1767 402 1797 mare
441 1752 579 1797 etiam
615 1769 697 1814 per
725 1760 872 1799 totam
901 1753 1054 1800 Italiae
1086 1752 1440 1815 longitudinem,
1480 1752 1537 1799 ab
1561 1751 1763 1814 Alpibus

278 1816 338 1862 ad
361 1817 532 1863 fretum
559 1817 780 1874 Siculum,
816 1819 941 1865 fama
970 1819 1173 1866 nominis
1199 1819 1271 1864 sui
1304 1818 1557 1880 implesset,
1586 1827 1758 1873 tamen,

280 1898 422 1943 quum
475 1883 752 1930 moenibus³⁸
791 1884 963 1931 bellum
1010 1884 1280 1947 propulsare
1316 1891 1489 1946 posset,
1531 1884 1581 1929 in
1617 1884 1763 1930 aciem

279 1948 434 2009 copias
453 1948 627 1995 eduxit.
700 1949 962 1995 Secundum
980 1950 1089 1996 inde
1116 1948 1378 2012 praelium³⁹
1399 1949 1580 1995 Latinis
1599 1950 1763 1996 AEneae

279 2014 419 2059 etiam
443 2013 660 2060 ultimum
677 2030 869 2077 operum
883 2016 1152 2062 mortalium
1177 2015 1295 2070 fuit;
1323 2015 1440 2061 situs
1457 2015 1581 2070 est⁴⁰,
1605 2031 1763 2077 quem·

281 2095 460 2142 cunque
510 2096 616 2126 eum
665 2080 755 2126 dici
804 2080 882 2143 jus
931 2081 1093 2144 fasque
1146 2080 1264 2136 estu,
1315 2096 1454 2143 super
1489 2080 1763 2127 Numicium

280 2144 506 2191 flumen‘ff.
577 2145 608 2192 J
611 2161 742 2192 ovem
767 2146 1072 2209 Indigetem43
1096 2146 1348 2209 appellant.

347 2211 443 2256 ΙΙΙ.
482 2210 707 2257 Nondum
740 2219 952 2258 maturus
975 2213 1171 2274 imperio
1195 2211 1426 2258 Ascanius
1450 2212 1613 2258 AEneae
1637 2211 1761 2258 filius

281 2285 405 2330 erat3
459 2282 616 2322 tamen
650 2276 701 2323 id
734 2276 982 2340 imperium
1021 2279 1061 2324 ei
1098 2278 1158 2324 ad
1195 2277 1417 2340 puberem
1463 2284 1650 2324 aetatem
1693 2277 1763 2322 in-

281 2341 459 2387 colume
481 2342 682 2388 mansit:
718 2343 945 2406 tantisper
963 2344 1108 2390 tutela
1128 2343 1384 2389 muliebri⁴⁴
1410 2342 1563 2404 (tanta
1583 2342 1763 2389 indoles

279 2406 328 2452 in
371 2407 562 2453 Lavinia
597 2406 716 2469 erat)
768 2425 842 2455 res
879 2409 1050 2455 Latina
1087 2418 1133 2455 et
1168 2425 1362 2471 regnum
1399 2409 1575 2454 avitum
1611 2415 1763 2470 pater-

282 2488 485 2534 numque
502 2489 646 2535 puero
670 2474 815 2521 stetit.
876 2473 1020 2521 Haud
1043 2475 1161 2520 nihil
1176 2473 1461 2535 ambigam⁴⁵‚
1493 2473 1616 2536 (quis
1639 2473 1763 2520 enim

284 2554 378 2583 rem
419 2547 516 2584 tam
554 2546 755 2585 veterem
800 2556 885 2602 pro
931 2548 1056 2588 certo
1101 2541 1302 2586 affirmet
1319 2537 1361 2600 ἲ)
1403 2538 1582 2585 hiccine
1622 2539 1764 2585 fuerit

282 2603 526 2659 Ascanius,
571 2620 630 2650 an
665 2604 813 2668 major
852 2608 991 2668 quam
1036 2605 1126 2661 hic,
1178 2604 1352 2651 Creiisa
1386 2612 1534 2650 matre
1572 2603 1661 2650 Ilio
1694 2604 1764 2650 in·

284 2668 452 2714 columi
473 2677 625 2725 natus,
653 2686 896 2733 comesque
918 2671 1026 2718 inde
1048 2678 1255 2734 paternae
1273 2670 1411 2732 fugae,
1439 2685 1576 2732 quem
1599 2669 1630 2717 J
1633 2669 1763 2716 ulum

285 2733 481 2780 eundem
506 2735 633 2783 Julia
654 2752 766 2799 gens
791 2744 1025 2784 auctorem
1058 2736 1259 2783 nominis
1293 2736 1367 2781 sui
1388 2743 1642 2796 nuncupat.
1713 2735 1764 2781 Is

284 2799 526 2855 Ascanius,
554 2801 816 2864 ubicunque
840 2810 885 2848 et
909 2804 1177 2865 quacunque
1209 2808 1357 2847 matre
1380 2800 1579 2862 genitus,
1620 2800 1765 2862 (certe

284 2873 448 2909 natum
489 2867 636 2912 AEnea
675 2867 877 2929 constat)
924 2867 1188 2913 abundante
1229 2865 1411 2912 Lavinii
1445 2865 1761 2921 multitudine,

285 2929 526 2976 florentem
557 2931 655 2993 jam
701 2933 774 2990 (ut
818 2941 919 2979 tum
961 2948 1034 2979 res
1070 2931 1264 2994 erantffi)
1317 2938 1454 2994 atque
1495 2931 1763 2994 opulentam

286 2997 449 3043 urbem
472 2997 622 3046 matri,
653 3014 732 3043 seu
767 3014 989 3055 novercae,
1030 2998 1242 3060 reliquit:
1292 3012 1461 3044 novam
1489 2996 1591 3059 ipse
1626 2996 1762 3043 aliam
