1897 3287
302 219 396 266 288
943 235 988 265 r.
1027 234 1183 266 mvn.

303 353 336 372 “
351 347 475 393 nime
517 347 719 409 virginis,
772 364 993 410 sponsum
1038 347 1401 410 avunculumque
1445 346 1495 392 in
1538 361 1763 392 carcerem

304 412 455 458 “duci
482 412 683 474 jusserit,
723 420 881 475 stupro
910 412 1237 475 interpellato³⁵
1261 413 1423 473 magIS,
1462 414 1597 473 quam
1621 410 1759 466 caede,

304 482 337 501 “
352 485 520 523 motus.
590 478 651 522 Et
673 478 739 523 illi
763 494 987 523 carcerem
1023 477 1299 523 aedificatum
1323 493 1435 531 esse,
1473 475 1597 538 quod
1619 475 1763 521 domi-

304 546 336 566 “
354 542 508 587 cilium
530 542 675 603 plebis
701 543 923 588 Romanae
946 557 1104 587 vocare
1130 542 1189 587 sit
1213 542 1389 587 solitus.
1461 539 1672 595 Proinde,
1710 546 1764 586 ut

307 607 426 652 “ille
449 607 615 652 iterum
639 623 689 652 ac
714 607 883 668 saepius
905 613 1132 667 provocet,
1161 606 1225 651 sic
1249 622 1296 652 se
1328 606 1496 652 iterum
1519 622 1571 652 ac
1595 604 1764 666 saepius

305 671 551 733 “judicem
579 671 645 716 illi
672 671 801 724 ferre,
840 671 888 716 ni
922 669 1183 715 vindicias³6
1214 671 1270 716 ab
1303 670 1513 717 libertate
1548 671 1597 716 in
1629 669 1764 716 servi-

306 741 498 781 “tutem
523 735 725 789 dederit3
764 736 801 780 si
825 735 883 780 ad
910 735 1113 796 judicem
1136 750 1229 780 non
1253 741 1338 790 eat,
1376 751 1460 796 pro
1483 735 1699 780 damnato
1716 734 1765 780 in

309 800 530 846 “vincula
553 799 658 845 duci
685 799 894 860 jubere.''
966 799 1032 844 Ut
1054 799 1180 845 haud
1203 815 1431 862 quoquam
1452 800 1757 861 improbante,

303 865 370 911 sic
411 881 577 926 magno
609 872 740 909 motu
773 864 1044 918 animorum,
1087 881 1228 926 quum
1264 864 1383 910 tanti
1416 865 1503 910 viri
1539 863 1763 926 supplicio

303 935 483 975 suamet
512 929 635 991 plebi
657 929 754 991 jam
784 929 927 974 nimia
955 929 1141 974 libertas
1174 929 1417 982 videretur,
1458 929 1508 975 in
1541 944 1764 974 carcerem

304 1000 374 1040 est
397 993 643 1055 conjectus.
713 994 946 1039 Tribunus
978 993 1019 1039 ei
1051 993 1170 1039 diem
1201 992 1441 1055 prodixit³⁷
1509 993 1637 1039 Inter
1662 993 1765 1039 haec

303 1058 359 1104 ab
396 1058 575 1104 Latinis
612 1064 657 1103 et
693 1058 907 1104 Hernicis
943 1058 1083 1119 legati
1118 1059 1398 1120 gratulatum
1434 1058 1490 1104 de
1529 1057 1766 1104 concordia

305 1122 494 1170 Patrum
517 1139 568 1168 ac
599 1123 746 1185 plebis
778 1123 973 1168 Romam
996 1130 1248 1178 venerunt3
1287 1123 1548 1184 donumque
1573 1123 1629 1168 ob
1663 1138 1763 1168 eam

304 1187 410 1235 Jovi
454 1188 628 1249 optimo
671 1188 872 1233 maximo
916 1203 1129 1233 coronam
1166 1204 1348 1234 auream
1391 1188 1440 1234 in
1486 1187 1765 1249 Capitolium

304 1252 447 1298 tulere
481 1252 609 1314 parvi
643 1252 873 1314 ponderis,
916 1259 1053 1314 prout
1088 1268 1160 1297 res
1198 1252 1324 1298 haud
1353 1253 1583 1315 opulentae
1619 1259 1761 1307 erant,

305 1317 655 1379 colebanturque
700 1317 939 1379 religiones
982 1317 1059 1379 pie
1102 1317 1262 1378 magis,
1316 1321 1451 1379 quam
1506 1318 1763 1379 magnifice.

305 1382 477 1428 Iisdem
533 1382 794 1427 auctoribus
844 1382 1078 1443 cognitum
1131 1389 1199 1427 est
1254 1383 1428 1443 AEquos
1483 1382 1765 1443 Volscosque

310 1449 488 1493 summa
522 1447 567 1492 vi
601 1447 772 1492 bellum
809 1462 1042 1508 apparare.
1112 1446 1273 1508 Itaque
1312 1447 1473 1508 partiri
1511 1447 1765 1508 provincias

305 1511 511 1557 consules
529 1511 662 1573 jussi.
733 1511 928 1556 Horatio
954 1511 1124 1565 Sabini,
1145 1511 1326 1556 Valerio
1344 1511 1483 1573 AEqui
1500 1511 1759 1572 Volscique,

305 1578 507 1622 evenere.
579 1577 733 1629 Quum
758 1575 815 1620 ad
839 1592 890 1621 ea
912 1576 1030 1621 bella
1061 1575 1285 1621 delectum
1318 1576 1580 1631 edixissent,
1615 1575 1768 1622 favore

304 1640 450 1702 plebis
465 1656 558 1685 non
575 1640 779 1701 juniores
797 1640 945 1694 modo,
975 1639 1068 1695 sed,
1095 1641 1296 1686 emeritis
1314 1641 1451 1686 etiam
1468 1639 1764 1702 stipendiis38,

304 1721 411 1767 pars
451 1721 619 1766 magna
655 1704 1031 1759 voluntariorum,
1082 1705 1141 1750 ad
1178 1706 1366 1750 nomina
1405 1705 1554 1751 danda
1597 1705 1770 1766 praesto

304 1770 430 1815 fuere
452 1790 462 1824 ;
490 1771 629 1831 eoque
651 1785 745 1815 non
768 1770 897 1831 copia
918 1770 1067 1824 modo,
1096 1769 1176 1815 sed
1193 1786 1355 1831 genere
1374 1770 1525 1824 etiam,
1539 1770 1766 1825 ‘militum,

305 1834 529 1881 veteranis
566 1834 795 1889 admixtis,
847 1834 1020 1880 firmior
1056 1835 1279 1880 exercitus
1324 1834 1426 1880 fuit.
1497 1835 1769 1896 Priusquam

304 1900 464 1945 urbem
481 1898 851 1961 egrederentur³⁹,
872 1899 994 1961 leges
1011 1899 1342 1954 decemvirales,
1365 1900 1530 1962 quibus
1546 1914 1769 1945 TABums

308 1979 593 2010 DUODECIM
630 1972 699 2009 est
731 1980 912 2018 nomen,
950 1965 996 2009 in
1021 1980 1086 2010 aes
1120 1964 1285 2010 incisas
1307 1964 1356 2010 in
1389 1965 1572 2026 publico
1605 1979 1769 2026 propo-

307 2037 510 2075 suerunt.
583 2028 713 2083 Sunt,
752 2029 830 2091 qui
856 2028 992 2091 jussu
1018 2029 1306 2075 tribunorum
1334 2029 1490 2076 aediles
1513 2029 1694 2075 functos
1717 2044 1770 2075 eo

306 2093 559 2142 ministerio
583 2094 799 2139 scribant.

371 2158 554 2204 LVIII.
609 2158 662 2204 C.
718 2158 951 2212 Claudius,
1004 2157 1115 2220 (qui,
1174 2174 1365 2220 perosus
1410 2157 1771 2204 decemvirorum

273 2222 277 2224 ’
308 2223 487 2278 scelera,
531 2229 576 2269 et
616 2230 721 2269 ante
765 2240 922 2269 omnes
966 2223 1120 2268 fratris
1164 2223 1246 2268 filii
1290 2224 1516 2286 superbiae
1560 2223 1768 2277 infestus,

308 2288 553 2350 Regillum,
606 2289 842 2350 antiquam
887 2289 935 2333 in
978 2288 1228 2350 patriam40,
1281 2304 1327 2334 se
1373 2287 1665 2348 contulerat,)
1714 2288 1769 2342 is,

307 2369 474 2415 magno
513 2353 611 2416 jam
651 2361 778 2407 natu,
823 2370 964 2415 quum
1005 2352 1063 2397 ad
1100 2352 1304 2414 pericula
1347 2352 1444 2415 ejus
1490 2352 1774 2414 deprecanda

311 2418 517 2470 redisset,
556 2417 685 2478 cujus
708 2418 819 2463 vitia
840 2417 1033 2479 fugerat,
1073 2416 1331 2463 sordidatus
1355 2434 1460 2463 cum
1493 2416 1771 2478 gentilibus⁴¹

308 2482 640 2544 clientibusque
683 2482 732 2527 in
775 2482 874 2528 foro
914 2482 1170 2543 'prensabat
1223 2481 1458 2542 singulos3
1507 2481 1768 2543 orabatque,

312 2547 433 2593 “Ne
471 2546 677 2592 Claudiae
713 2546 838 2607 genti
874 2563 974 2592 eam
1008 2546 1210 2591 inustam
1239 2546 1464 2591 maculam
1493 2545 1675 2600 vellent,
1720 2553 1774 2591 ut

313 2617 342 2636 ‘⁶
361 2627 535 2657 carcere
560 2619 605 2656 et
637 2611 830 2656 vinculis
864 2611 1125 2656 riderentur
1154 2610 1295 2672 digni.
1364 2610 1542 2664 Virum,
1579 2610 1772 2656 honora-

314 2683 343 2701 “
361 2676 554 2721 tissimae
577 2675 825 2736 imaginis⁴²
850 2675 1058 2719 futurum
1077 2674 1135 2719 ad
1137 2682 1378 2747 posteroS,
1405 2674 1557 2747 legum
1580 2674 1772 2720 latorem

313 2747 343 2765 “
358 2740 727 2801 conditoremque
752 2739 982 2784 Romani
965 2739 1095 2800 JuriS,
1128 2738 1284 2800 jacere
1294 2739 1498 2784 vinctum
1516 2739 1634 2784 inter
1648 2739 1772 2784 fures

315 2811 605 2850 “nocturnos
642 2820 693 2849 ac
732 2803 946 2848 latrones.
1015 2803 1286 2848 Averterent
1330 2803 1385 2848 ab
1424 2804 1490 2848 ira
1524 2819 1771 2880 parumper

314 2875 344 2893 “
363 2869 421 2914 ad
465 2869 771 2930 cognitionem
816 2867 1229 2928 cogitationemque
1286 2867 1476 2922 animos,
1526 2875 1572 2912 et
1613 2869 1768 2929 potius

315 2939 501 2978 “unum
537 2941 607 2979 tot
644 2932 848 2981 Claudiis
883 2931 1229 2993 deprecantibus
1265 2932 1587 2987 condonarent,
1632 2933 1768 2993 quam
