1897 3287
689 207 853 237 LIBER
877 207 936 237 11.
963 206 1009 237 c.
1036 207 1129 237 L11.
1505 193 1594 242 167

153 324 384 381 acceptam
406 317 660 379 proximam
680 333 850 379 pugnae
872 317 1080 364 cladem¹²
1102 318 1315 379 Vejentes
1338 319 1594 367 abstinuere

153 383 278 437 acie3
329 381 643 443 populationes
688 388 829 436 erant,
881 388 926 427 et
968 382 1090 427 velut
1127 382 1182 426 ab
1221 397 1320 427 arce
1363 383 1393 428 J
1395 383 1594 430 aniculi1⁸

151 447 323 508 passim
339 446 388 490 in
405 446 664 490 Romanum
681 461 840 506 agrum
855 444 1054 507 impetus
1077 445 1244 491 dabant
1254 466 1265 499 ;
1289 461 1382 490 non
1402 462 1593 508 usquam

153 526 316 571 pecora
336 515 450 563 tuta,
475 525 568 554 non
590 516 802 571 agresteS,
829 516 971 556 erant.
999 509 1135 571 Capti
1150 508 1310 554 deinde
1328 509 1482 554 eadem
1498 518 1592 557 arte

152 579 271 628 sunt,
298 575 386 635 qua
407 580 619 634 ceperant
636 574 814 620 Fabios.
861 573 1013 620 Secuti
1027 572 1178 619 dedita
1194 575 1328 634 opera
1347 573 1518 633 passim
1535 575 1597 621 ad

149 636 380 683 illecebras
414 637 631 698 propulsa.
665 653 842 699 pecora,
886 637 1225 699 praecipitavere
1259 637 1306 682 in
1337 637 1588 692 insidias143

150 716 239 762 quo
260 701 449 763 plures¹⁵
473 709 614 756 erant,
637 701 783 764 major
804 702 950 748 caedes
971 701 1074 746 fuit.
1125 701 1195 746 Ex
1215 701 1300 746 hac
1322 700 1446 746 clade
1464 708 1592 748 atrox

149 764 217 810 ira
237 766 421 827 majoris
444 765 583 812 cladis
606 782 741 811 causa
762 772 896 828 atque
917 766 1099 811 initium
1121 765 1236 818 fuit3
1261 765 1447 826 trajecto
1470 765 1590 812 enim

148 829 315 883 Tiberi,
352 836 498 876 castra
532 830 706 876 Servilii
738 830 934 875 consulis
967 829 1114 874 adorti
1158 835 1265 874 sunt
1297 843 1588 890 oppugnare;

120 906 123 909 ⁴
147 892 256 938 inde
284 893 375 939 fusi
403 896 568 955 magna
597 894 720 940 caede
747 894 797 938 in
827 894 1086 941 ,Ianiculum
1127 909 1173 938 se
1211 895 1332 954 aegre
1366 895 1587 955 recepere.

149 956 402 1003 Confestim
437 958 594 1003 consul
628 964 673 1003 et
706 957 803 1019 ipse
841 958 1005 1003 transit
1041 957 1270 1012 Tiberim3
1321 963 1468 1003 castra
1505 958 1588 1004 sub

148 1021 357 1068 Janiculo
379 1022 645 1068 communit.
713 1022 900 1068 Postero
924 1022 1010 1076 die,
1046 1021 1144 1066 luce
1166 1023 1276 1075 orta,
1314 1021 1522 1067 nonnihil
1543 1028 1589 1068 et

146 1085 357 1131 hesterna
398 1086 611 1132 felicitate
652 1102 821 1147 pugnae
864 1086 1002 1140 ferox,
1057 1086 1202 1145 magis
1245 1092 1410 1140 tamen,
1469 1085 1589 1147 quod

146 1149 300 1211 inopia
333 1150 562 1205 frumenti,
601 1150 805 1211 quamvis
839 1150 888 1195 in
921 1149 1187 1211 praecipitia,
1231 1149 1339 1194 dum
1378 1149 1588 1195 celeriora

147 1220 310 1269 essent,
360 1215 520 1276 agebat
564 1213 796 1268 consiliam,
843 1217 1013 1260 temere
1057 1213 1242 1258 adverso
1281 1213 1490 1259 Janiculo
1528 1214 1587 1259 ad

146 1284 294 1323 castra
335 1278 536 1324 hostium
580 1278 720 1323 aciem
765 1278 917 1332 erexit,
964 1277 1216 1338 foediusque
1260 1277 1366 1322 inde
1409 1277 1582 1339 pulsus,

145 1344 280 1404 quam
317 1342 461 1404 pridie
498 1342 746 1403 pepulerat,
788 1342 1046 1388 interventu
1078 1341 1260 1401 collegae
1293 1341 1390 1402 ipse
1424 1341 1586 1387 exerci-

143 1413 307 1468 tusque
329 1407 425 1468 ejus
449 1413 517 1452 est
539 1412 756 1452 servatus.
804 1406 931 1452 Inter
953 1405 1065 1451 duas
1087 1405 1203 1450 acies
1226 1405 1420 1459 Etrusci,
1447 1421 1586 1466 quum

143 1470 334 1516 invicem
366 1471 440 1516 his
469 1476 602 1532 atque
638 1470 727 1515 illis
768 1476 895 1531 terga
927 1470 1098 1524 darent,
1136 1468 1364 1515 occidione
1398 1469 1583 1515 occisi¹⁷.

144 1534 220 1580 Ita
237 1551 505 1596 oppressum
527 1535 781 1581 temeritate
803 1534 922 1580 felici
943 1534 1108 1596 Vejens
1131 1533 1315 1579 bellum.

206 1599 317 1644 LII.
353 1599 469 1644 Urbi
500 1616 603 1646 cum
628 1615 738 1661 pace
768 1597 943 1645 laxiorlss
983 1599 1118 1645 etiam
1147 1613 1328 1643 annona
1358 1597 1503 1653 rediit,
1541 1603 1586 1644 et

141 1662 327 1710 advecto
351 1680 405 1709 ex
428 1663 677 1725 Campania
697 1664 939 1716 frumento,
976 1669 1033 1717 et,
1069 1668 1312 1723 postquam
1341 1662 1478 1707 timor
1501 1662 1587 1707 sibi

141 1727 301 1788 cuique
333 1728 500 1773 futurae
531 1728 699 1789 inopiae
732 1727 855 1781 abiit,
900 1743 965 1781 eo,
1010 1726 1131 1788 quod
1173 1725 1378 1770 abditum
1422 1726 1582 1780 fuerat,

139 1793 332 1853 prolato.
401 1792 471 1836 Ex
493 1792 621 1853 copia
643 1791 803 1837 deinde
825 1791 1003 1852 otioque
1020 1790 1220 1836 lascivire
1243 1805 1399 1835 rursus
1422 1789 1562 1835 animi
1570 1810 1583 1844 ;

140 1862 185 1901 et
206 1855 398 1916 pristina
418 1856 550 1910 mala,
585 1863 827 1917 postquam
848 1854 956 1900 foris
979 1855 1176 1908 deerant,
1214 1853 1336 1899 domi
1368 1870 1581 1915 quaerere.

139 1919 331 1966 Tribuni
361 1919 539 1981 plebem
571 1920 741 1980 agitare
764 1935 845 1964 suo
866 1935 1051 1972 veneno,
1088 1918 1260 1979 agraria
1279 1918 1376 1978 lege
1397 1938 1408 1972 ;
1453 1918 1502 1962 in
1517 1934 1584 1964 re-

140 1983 351 2029 sistentes
383 1984 569 2029 incitare
603 1985 772 2037 PatreS,
810 1984 962 2029 necin
994 1983 1228 2027 universos
1249 1982 1396 2035 modo,
1436 1981 1516 2027 sed
1536 1982 1586 2028 in

140 2047 356 2109 singulos.
426 2048 483 2102 Q.
511 2048 753 2093 Considius
771 2056 815 2093 et
832 2048 885 2092 T.
915 2047 1158 2100 Genucius,
1179 2052 1382 2091 auctores
1397 2046 1585 2106 agrariae

138 2111 265 2173 legis,
301 2112 356 2157 T.
393 2112 607 2158 Menenio
631 2112 750 2157 diem
773 2112 944 2157 dicunt.
1013 2111 1205 2156 Invidiae
1239 2116 1334 2155 erat
1367 2110 1585 2155 amissum

140 2174 365 2222 Cremerae
400 2176 680 2238 praesidium,
723 2192 864 2237 quum
905 2175 1029 2220 haud
1071 2174 1229 2235 procul
1271 2173 1378 2218 inde
1423 2173 1586 2218 stativa

139 2240 296 2286 consul
311 2240 560 2286 habuisset.
628 2240 747 2285 Eum
765 2238 1138 2301 oppresseruntffi.
1197 2238 1349 2290 Quum
1364 2243 1409 2282 et
1427 2237 1584 2282 Patres

138 2303 264 2351 haud
279 2304 445 2359 minus,
473 2307 607 2366 quam
621 2320 704 2365 pro
721 2303 973 2357 Coriolano,
1001 2302 1148 2348 annisi
1163 2307 1326 2354 essent,
1364 2308 1409 2345 et
1440 2301 1583 2361 patris

138 2367 357 2429 Agrippae
379 2369 506 2414 favor
536 2368 661 2414 haud
683 2368 792 2413 dum
826 2367 1102 2420 exolevisset,
1139 2366 1187 2410 in
1218 2365 1387 2410 mulcta
1413 2371 1584 2424 tempe-

138 2433 333 2478 raruntw
356 2433 542 2478 tribuni.
611 2434 763 2487 Quum
786 2431 945 2493 capitis
963 2429 1313 2492 anquisissentffl,
1341 2428 1430 2473 duo
1443 2428 1585 2474 millia

138 2496 241 2541 aeris
276 2496 489 2543 damnato
523 2496 740 2542 mulctam
775 2496 1015 2549 dixerunt3
1052 2510 1104 2540 ea
1140 2493 1189 2538 in
1227 2499 1362 2554 caput
1390 2491 1581 2538 vertit22.

138 2560 322 2621 Negant
373 2561 571 2606 tulisse²³
623 2560 920 2621 ignominiam
983 2558 1415 2620 aegritudinemque3
1475 2555 1584 2602 inde

136 2624 295 2670 morbo
318 2624 612 2687 absumptum
635 2641 747 2670 esse.
794 2623 926 2669 Alius
950 2622 1112 2668 deinde
1128 2638 1231 2667 reus
1251 2621 1328 2682 Sp.
1351 2619 1580 2674 Servilius,

136 2692 188 2732 ut
211 2688 449 2734 consulatu
482 2688 605 2743 abiit,
645 2689 697 2734 C.
735 2687 907 2734 Nautio
941 2693 986 2732 et
1019 2687 1073 2732 P.
1098 2685 1281 2731 Valerio
1304 2683 1579 2738 consulibus,

135 2751 267 2797 initio
291 2753 445 2797 statim
468 2753 587 2807 anni,
625 2753 680 2797 ab
716 2753 771 2798 L.
808 2751 1007 2799 Caedicio
1041 2756 1085 2796 et
1118 2750 1172 2795 T.
1210 2748 1354 2795 Statio
1385 2746 1582 2793 tribunis

136 2815 208 2860 die
231 2814 364 2870 dicta,
399 2831 505 2870 non,
546 2823 599 2861 ut
621 2816 876 2871 Menenius,
912 2814 1121 2876 precibus
1148 2812 1241 2859 suis
1263 2817 1342 2857 aut
1375 2811 1578 2866 Patrum,

135 2879 215 2925 sed
237 2895 342 2925 cum
360 2879 503 2925 multa
517 2880 681 2926 fiducia
696 2880 967 2926 innocentiae
990 2876 1293 2940 gratiaeque,²⁴
1312 2875 1580 2923 tribunicios
