1897 3287
594 228 762 260 mez
788 229 822 259 1.
862 228 907 259 c.
935 228 1086 259 xxxv.
1506 215 1566 260 23

95 352 126 372 “
148 345 344 409 populos
368 344 427 391 ad
450 361 577 390 arma
600 342 823 390 stimulat.
893 342 1056 404 Neque
1079 343 1215 395 recte,
1234 357 1293 388 an
1309 356 1563 404 perperam,

97 417 128 436 “
148 409 508 472 interpretor-583
545 409 686 456 fuerit
718 407 810 453 ista
842 406 941 469 ejus
976 405 1257 461 deliberatio,
1296 407 1373 468 qui
1394 407 1567 454 bellum

95 482 125 500 “
150 475 381 538 suscepit3
431 491 507 520 me
540 473 712 520 Albani
759 472 958 534 gerendo
992 471 1112 517 bello
1148 470 1310 517 ducem
1344 488 1564 521 creavere.

94 547 125 565 “
148 540 275 586 Illud
297 547 358 595 te,
385 539 533 595 Tulle,
559 539 789 586 monitum
810 537 948 583 velim
966 557 978 592 3
1014 537 1213 583 Etrusca
1234 535 1370 591 res⁵9,
1399 543 1571 598 quanta

93 612 124 630 “
147 606 267 651 circa
300 621 401 660 nos,
440 611 575 667 teque
608 603 824 659 maxime,
864 603 940 658 sit,
978 601 1068 664 quo
1099 601 1336 664 propiores
1358 617 1453 656 vos,
1480 601 1570 648 hoc

93 676 122 696 “
146 671 293 733 magis
319 670 407 717 scis
429 690 440 725 ;
465 669 669 716 multum
691 668 759 714 illi
780 670 913 723 terra,
938 664 1192 729 plurimum
1225 666 1343 712 mari
1376 666 1567 728 pollent.

93 741 124 760 ‘⁶
147 735 333 782 Memor
356 742 469 790 estc,
491 735 602 797 jam,
631 750 775 797 quum
799 733 984 795 signum
1002 748 1174 794 pugnae
1191 731 1334 786 dabis,
1352 731 1438 777 has
1456 731 1570 777 duas

93 806 123 826 “
146 801 266 847 acies
301 801 563 863 spectaculo
596 800 707 855 fore,
743 806 799 844 ut
848 798 995 844 fessos
1042 796 1378 859 confectosque,
1433 797 1571 843 simul

92 872 124 890 “
146 866 367 912 victorem
391 882 443 912 ac
464 866 654 920 victum,
681 863 1023 926 aggrediantur.
1092 862 1273 924 Itaque,
1311 862 1350 908 si
1382 878 1468 908 nos
1507 862 1572 908 dii

94 936 125 955 “
147 938 318 985 amant,
347 931 580 993 quoniam,
605 946 702 976 non
720 928 926 975 contenti
938 928 1151 975 libertate
1165 929 1299 984 certa,
1317 927 1368 973 in
1382 926 1570 973 dubiam

93 1002 123 1021 “
146 996 329 1058 imperii
353 996 616 1058 servitiique
640 995 786 1041 aleam
808 994 946 1050 imus,
971 993 1182 1040 ineamus
1209 993 1410 1056 aliquam
1427 992 1566 1048 viam,

94 1067 123 1085 “
148 1064 249 1124 qua,
276 1061 371 1107 utri
393 1061 511 1106 utris
534 1062 778 1122 imperent,
806 1060 904 1106 sine
926 1060 1095 1121 magna
1116 1057 1256 1114 clade,
1284 1058 1383 1105 sine
1418 1057 1568 1104 multo

94 1132 123 1150 ‘⁶
149 1126 372 1189 sanguine
393 1126 634 1188 utriusque
656 1123 831 1187 populi,
851 1124 1033 1170 decerni
1048 1123 1248 1186 possit.'’
1319 1123 1466 1170 Haud
1479 1122 1570 1169 dis-

88 1191 228 1253 plicet
250 1208 323 1238 res
345 1191 496 1246 Tullo,
525 1205 801 1253 quanquam,
827 1196 929 1235 tum
964 1188 1119 1235 indole
1158 1187 1314 1243 animi,
1350 1194 1452 1234 tum
1488 1204 1569 1250 spe

88 1256 307 1311 victoriae,
367 1256 563 1302 ferocior
609 1261 722 1300 erat.
807 1253 1138 1309 Quaerentibus
1186 1254 1402 1317 utrinque
1451 1253 1569 1300 ratio

87 1321 244 1376 initur,
272 1319 347 1367 cui
369 1327 415 1367 et
436 1320 624 1366 fortuna
643 1320 748 1382 ipsa
768 1319 970 1382 praebuit
990 1317 1246 1364 materiam.

154 1386 337 1433 XXIV.
388 1386 529 1432 Forte
569 1385 620 1432 in
655 1385 836 1433 duobus
870 1391 974 1431 tum
1011 1383 1284 1430 exercitibus
1320 1389 1450 1430 erant
1488 1382 1570 1429 tri-

87 1451 307 1514 gemini⁶⁰
323 1451 505 1507 fratres,
525 1467 611 1498 nec
629 1456 782 1505 aetate,
794 1466 879 1497 nec
895 1449 1084 1505 viribUS,
1097 1449 1319 1511 dispares.
1346 1449 1570 1495 Horatios

91 1517 414 1579 Curiatiosque
435 1516 581 1563 fuisse
605 1517 716 1562 satis
740 1522 952 1570 constat;
987 1531 1073 1562 nec
1106 1515 1250 1560 ferme
1283 1530 1356 1561 res
1380 1514 1569 1576 antiqua

90 1582 180 1629 alia
201 1589 273 1629 est
294 1581 493 1628 nobilior
502 1581 537 1611 ⁶¹
556 1602 568 1637 ;
604 1589 762 1628 tamen
783 1582 833 1627 in
855 1597 904 1627 re
926 1587 1024 1627 tam
1043 1580 1164 1627 clara
1186 1580 1428 1626 nominum
1446 1595 1572 1625 error

88 1653 260 1703 manet,
301 1647 452 1693 utrius
491 1647 655 1710 populi
693 1646 894 1702 Horatii,
936 1645 1089 1692 utrius
1127 1644 1337 1699 Curiatii,
1378 1644 1565 1690 fuerint.

90 1713 318 1759 Auctores
340 1714 536 1775 utroque
569 1712 839 1758 trahunt⁶²z
875 1711 1032 1774 plures
1066 1718 1223 1757 tamen
1254 1709 1452 1765 invenio,
1491 1709 1570 1771 qui

92 1778 328 1825 Romanos
354 1778 578 1824 Horatios
598 1784 795 1832 vocent3
832 1777 920 1823 hos
953 1783 1008 1822 ut
1042 1792 1219 1839 sequar,
1246 1775 1439 1821 inclinat
1473 1775 1570 1820 ani-

92 1859 212 1890 mus.
284 1843 405 1889 Cum
439 1843 699 1905 trigeminis
736 1849 880 1904 agunt
902 1858 1047 1905 reges,
1087 1848 1142 1888 ut
1163 1856 1248 1904 pro
1273 1843 1355 1887 sua
1376 1839 1570 1902 quisque

92 1909 241 1970 patria
264 1909 484 1955 dimicent
506 1908 656 1963 ferro;
692 1908 758 1954 ibi
790 1908 1038 1970 imperium
1071 1907 1182 1961 fore,
1226 1906 1349 1952 unde
1379 1905 1571 1953 victoria

92 1974 246 2020 fuerit,
273 1974 407 2020 Nihil
429 1980 693 2019 recusatur:
731 1980 917 2036 tempus
952 1980 998 2019 et
1019 1972 1147 2018 loeus
1172 1971 1400 2018 convenit.
1471 1970 1570 2016 Pri-

93 2055 289 2102 usquam
313 2039 598 2094 dimicarent,
626 2038 778 2084 foedus
818 2039 964 2085 ictum
999 2038 1121 2084 inter
1149 2039 1384 2084 Romanos
1420 2042 1466 2082 et
1487 2035 1569 2081 Al-

92 2104 238 2151 banos
262 2111 333 2151 est
354 2105 429 2150 his
451 2104 646 2166 legibuS,
670 2111 736 2159 ut,
755 2103 977 2166 cujusque
991 2102 1195 2166 populi⁶³
1220 2102 1341 2149 cives
1355 2117 1409 2148 eo
1426 2108 1569 2147 certa-

92 2171 218 2216 mine
240 2170 473 2225 vicissent‚
498 2170 540 2215 is
574 2169 707 2216 alteri
738 2169 912 2232 populo
940 2185 1047 2215 cum
1080 2169 1202 2215 bona
1237 2183 1350 2230 pace
1384 2166 1570 2228 imperi-

95 2241 230 2281 taret.
301 2235 498 2281 Foedera
519 2234 608 2281 alia
629 2234 730 2281 aliis
752 2234 991 2297 legibusffl,
1017 2232 1222 2281 ceterum
1246 2232 1407 2279 eodem
1429 2231 1569 2278 modo

95 2301 263 2355 omnia,
305 2301 441 2346 fiunt.
517 2299 640 2346 Tum
674 2300 742 2346 ita.
779 2301 956 2347 factum
993 2299 1269 2361 accepimus,
1310 2313 1395 2344 nec
1428 2296 1568 2342 ullius

96 2366 319 2412 vetustior
340 2364 529 2411 foederis
551 2366 775 2412 memoria
789 2372 874 2412 est.
944 2364 1182 2413 Fecialis⁶⁵
1201 2379 1358 2427 regem
1380 2362 1570 2409 Tullum

96 2431 162 2476 ita
183 2430 390 2493 rogavit:
432 2436 463 2456 “
478 2430 510 2477 J
511 2431 686 2478 ubesne
702 2447 790 2486 me,
819 2432 934 2486 Rex,
954 2447 1061 2477 cum
1082 2436 1215 2493 patre
1235 2427 1466 2492 patrato66
1488 2443 1570 2488 po-

102 2502 133 2521 “
154 2496 254 2559 puli
270 2495 443 2542 Albani
456 2495 610 2543 foedus
632 2495 825 2543 ferireP'
849 2497 1043 2559 jubente
1063 2511 1186 2558 rege,
1210 2491 1566 2556 “sagmina⁶⁷,”

96 2561 263 2624 inquit,
305 2567 336 2586 “
358 2568 418 2617 te,
447 2561 562 2618 Rex,
599 2563 791 2625 posco.''
864 2563 966 2609 Rex
988 2563 1065 2617 ait,
1114 2568 1144 2587 ‘⁶
1163 2562 1336 2608 Puram
1366 2557 1567 2605 tollito.”

99 2626 291 2673 Fecialis
306 2643 363 2673 ex
378 2642 479 2673 arce
494 2627 717 2690 graminis
732 2628 926 2675 herbam
939 2644 1107 2690 puram
1116 2626 1154 2655 ⁶⁸
1178 2625 1350 2672 attulit.
1404 2624 1574 2670 Postea

99 2707 255 2753 regem
289 2692 357 2738 ita
385 2694 593 2754 rogavit:
639 2699 670 2718 “
687 2694 801 2750 Rex,
836 2693 1010 2739 facisne
1037 2709 1112 2738 me
1150 2698 1205 2738 tu
1239 2691 1418 2752 regium
1455 2704 1574 2734 nun-

105 2762 136 2782 “
159 2756 282 2803 cium
315 2759 477 2820 populi
507 2759 714 2821 Romani¹
732 2757 1064 2814 Quiritiumffl?
1100 2757 1256 2803 vasa7⁰
1293 2755 1575 2816 comitesque

107 2828 136 2846 “
158 2838 287 2868 meos
301 2820 352 2867 ?'’
424 2824 526 2870 Rex
547 2823 814 2886 respondit:
857 2830 887 2849 “
906 2824 1045 2878 Quod
1067 2823 1164 2869 sine
1187 2821 1348 2868 fraude
1371 2822 1473 2866 mea
1492 2835 1575 2882 po-

107 2892 138 2912 “
160 2886 349 2950 pulique
373 2887 574 2936 Romani
598 2890 850 2944 Quiritium
873 2889 968 2943 fiat,
996 2889 1114 2934 facio
1125 2886 1208 2933 7¹.”
1261 2886 1453 2933 Fecialis
1477 2893 1575 2931 erat

100 2949 175 3002 Μ.
193 2952 420 2999 Valerius,
448 2954 634 3000 Patrem
657 2961 893 3018 patratum
919 2954 998 3016 Sp.
1018 2953 1209 3009 Fusium
1231 2952 1353 3008 fecit,
1380 2951 1574 3006 verbena.
