1897 3287
631 237 797 268 LIBER
821 237 882 270 11.
919 236 965 269 c.
991 237 1136 268 xmv.
1527 223 1615 270 159

227 350 400 398 XLIV.
435 349 498 395 Et
517 348 594 394 hic
616 365 762 395 annus
785 349 1020 395 tribunum
1038 354 1267 395 auctorem
1288 346 1402 408 legis
1425 347 1613 410 agrariae

163 413 338 461 habuit.
405 414 514 459 Ti24.
547 413 813 459 Pontificius
835 413 940 458 fuit.
1008 412 1072 467 Is,
1110 412 1299 458 eandem
1320 412 1454 465 viam,
1489 412 1614 457 velut

162 476 494 539 processisset²⁵
520 477 598 539 Sp.
625 477 816 531 Licinio,
847 477 1095 538 ingressus,
1123 475 1346 521 delectum
1367 475 1614 536 paullisper

161 541 384 603 impediit.
453 541 735 586 Perturbatis
771 541 938 586 iterum
977 540 1205 593 Patribus,
1242 539 1333 600 Ap.
1376 538 1608 593 Claudius,

170 611 202 630 “
216 606 396 651 Victam
419 605 708 650 tribuniciam
724 605 1046 665 potestatem,''
1074 604 1233 657 dicere,
1264 609 1295 628 “
1311 602 1459 664 priore
1477 618 1610 656 anno,

167 669 264 714 “in
293 669 538 731 praesentia
565 685 613 715 re
635 668 785 731 ipsaffi,
816 668 1022 730 exemplo
1044 667 1093 713 in
1112 673 1398 729 perpetuum,
1435 666 1614 727 quando

167 738 198 758 “
213 733 450 779 inventum
477 733 536 778 sit
559 733 652 778 suis
674 734 822 794 ipsam
846 733 1017 778 viribus
1042 731 1241 777 dissolvi.
1309 731 1471 791 Neque
1493 730 1613 775 enim

166 802 198 822 “
213 813 415 859 unquam
438 797 713 852 defuturum,
752 797 829 859 qui
852 804 897 843 et
919 813 974 843 ex
995 796 1164 856 collega
1184 794 1418 841 victoriam
1442 793 1542 848 sibi,
1569 801 1613 839 et

123 902 126 903 ⁷
166 866 199 886 “
215 862 408 923 gratiam
430 861 629 907 melioris
650 862 793 923 partis
814 861 934 907 bono
956 859 1194 923 publi0027,
1226 859 1334 904 velit
1356 857 1610 920 quaesitam.

166 931 198 951 “
214 926 277 971 Et
308 926 476 987 plures,
515 926 553 971 si
573 926 780 987 pluribus
815 941 929 987 opus
964 925 1036 979 sit,
1073 924 1280 969 tribunos
1303 923 1361 968 ad
1396 922 1614 968 auxilium

167 990 454 1036 “consulum
489 997 672 1052 paratos
706 989 832 1043 fore3
869 996 914 1034 et
935 1005 1079 1034 unum
1100 988 1171 1033 vel
1205 985 1420 1033 adversus
1456 1001 1613 1032 omnes

169 1059 198 1079 “
217 1055 329 1099 satis
374 1070 486 1100 esse.
573 1055 745 1100 Darent
787 1053 923 1099 modo
966 1060 1011 1099 et
1056 1052 1262 1098 consules
1306 1057 1351 1097 et
1392 1050 1613 1112 primores

168 1123 199 1143 “
217 1119 406 1164 Patrum
429 1134 624 1180 operam,
651 1124 717 1172 ut,
745 1118 783 1162 si
803 1116 955 1162 minsis
980 1132 1149 1170 omnes,
1187 1116 1359 1177 aliquos
1382 1122 1535 1160 tamen
1560 1130 1614 1160 ex

167 1187 198 1207 “
214 1182 410 1228 tribunis
427 1182 687 1243 reipublicae
710 1197 761 1226 ac
779 1181 954 1226 senatui
971 1180 1306 1226 conciliarent.''
1365 1178 1613 1240 Praeceptis

162 1245 306 1310 Appii
344 1246 507 1291 moniti
528 1254 679 1307 patres
714 1252 759 1290 et
785 1245 983 1290 universi
1016 1244 1203 1290 comiter
1235 1259 1286 1288 ac
1307 1243 1502 1304 benigne
1534 1242 1613 1288 tri-

162 1310 310 1356 bunos
327 1310 566 1371 appellare,
600 1317 644 1355 et
666 1309 938 1362 consulares,
963 1314 1017 1353 ut
1033 1308 1192 1369 cuique
1209 1307 1420 1369 privatim
1444 1305 1614 1368 aliquid

161 1374 276 1436 juris
320 1373 534 1419 adversus
580 1373 781 1434 singulos
825 1371 974 1425 erat2⁸‚
1025 1372 1194 1434 partim
1238 1371 1393 1432 gratia,
1446 1370 1613 1432 partim

165 1438 448 1492 auctoritate,
509 1438 757 1491 obtinuere,
816 1444 869 1482 ut
916 1435 1170 1482 tribuniciae
1214 1434 1456 1497 potestatis
1497 1434 1614 1480 vires

166 1502 368 1548 salubres
405 1502 572 1547 vellent
609 1501 870 1563 reipublicae
913 1517 1011 1546 esse
1030 1521 1042 1556 ;
1095 1506 1373 1562 quatuorque
1411 1498 1614 1544 tribuno-

163 1565 307 1612 rum²⁹
329 1565 545 1612 adversus
562 1582 706 1611 unum
728 1572 1000 1611 moratorem
1016 1563 1187 1627 publici
1206 1562 1432 1609 commodi
1450 1562 1614 1609 auxilio

165 1630 389 1677 delectum
419 1631 625 1676 consules
649 1631 836 1676 habent.
904 1629 1021 1675 Inde
1044 1628 1102 1675 ad
1123 1628 1288 1690 Vejens
1322 1628 1490 1673 bellum
1512 1642 1614 1689 pro-

162 1694 301 1749 fecti;
339 1695 428 1757 quo
449 1695 649 1756 undique
684 1711 738 1740 ex
762 1694 944 1739 Etruria
978 1693 1143 1739 auxilia
1172 1698 1486 1746 convenerant,
1521 1707 1615 1737 non

164 1766 260 1805 tam
280 1759 541 1821 Vejentium
564 1758 709 1819 gratia
729 1758 964 1812 concitata,
992 1760 1126 1819 quam
1149 1756 1270 1818 quod
1289 1756 1338 1801 in
1361 1771 1488 1817 spem
1509 1771 1613 1801 ven-

165 1829 265 1869 tum
282 1831 378 1869 erat
401 1823 624 1869 discordia
638 1823 854 1868 intestina
871 1821 1056 1867 dissolvi
1077 1837 1173 1867 rem
1191 1821 1445 1866 Romanam
1461 1835 1611 1881 posse.

167 1887 489 1949 Principesque
526 1887 575 1932 in
618 1886 823 1932 omnium
861 1885 1059 1932 Etruriae
1098 1885 1371 1946 populorum
1415 1883 1614 1929 conciliis

164 1950 430 2005 fremebant,
482 1957 511 1977 “
528 1952 741 1997 AEternas
785 1966 892 2012 opes
937 1965 1035 1996 esse
1076 1949 1319 2003 RomanaS,
1366 1948 1456 1993 nisi
1496 1948 1616 1993 inter

170 2020 201 2041 “
218 2022 361 2062 semet
382 2016 472 2077 ipsi
494 2015 791 2061 seditionibus
815 2014 1018 2060 saeviant.
1086 2013 1144 2059 Id
1164 2029 1308 2058 unum
1334 2011 1612 2066 venenum30,

170 2085 201 2106 “
218 2095 318 2126 eam
350 2080 499 2125 labem
533 2080 791 2126 civitatibus
827 2078 1054 2140 opulentis
1088 2085 1327 2139 repertam,
1367 2083 1418 2122 ut
1451 2091 1616 2137 magna

170 2148 202 2169 ‘⁶
217 2144 408 2205 imperia
429 2144 638 2190 mortalia
655 2150 821 2189 essent.
890 2143 984 2188 Diu
1001 2141 1340 2188 sustentatum³¹
1362 2140 1411 2186 id
1427 2140 1612 2195 malum,

170 2213 202 2233 “
218 2208 385 2270 partim
409 2209 597 2254 Patrum
633 2207 844 2261 consiliis,
881 2207 1049 2268 partim
1081 2206 1300 2268 patientia
1332 2204 1490 2266 plebis,
1518 2204 1615 2266 jam

173 2277 203 2298 “
219 2272 278 2318 ad
315 2279 516 2318 extrema
551 2272 743 2318 venisse.
810 2272 939 2318 Duas
977 2271 1180 2317 civit-ates
1220 2285 1274 2315 ex
1310 2270 1401 2313 une‘i⁴
1439 2268 1612 2321 factas;

172 2341 204 2362 “
221 2352 326 2382 suos
345 2337 504 2398 cuique
521 2336 640 2398 parti
656 2335 963 2398 magistratus,
986 2351 1089 2380 suas
1106 2334 1241 2395 leges,
1264 2348 1377 2378 esse.
1410 2330 1615 2377 Primum

174 2406 204 2426 “
220 2401 269 2446 in
291 2401 539 2447 delentibus
559 2400 716 2447 saevire
739 2400 895 2446 solitos
913 2420 924 2454 ;
951 2399 1133 2445 eosdem
1155 2398 1203 2443 in
1224 2396 1341 2442 bello
1363 2403 1517 2441 tamen
1537 2411 1616 2457 pa-

174 2470 204 2490 “
220 2466 364 2511 ruisse
408 2465 614 2510 ducibus.
696 2464 1009 2525 Qualicunque
1052 2462 1177 2508 urbis
1223 2466 1357 2515 statu,
1404 2465 1616 2505 manente

176 2529 458 2591 “disciplina
479 2528 678 2583 militari,
719 2528 857 2574 sisti³²
886 2527 1107 2590 potuisse.
1176 2526 1283 2573 Jam
1303 2540 1396 2570 non
1428 2523 1616 2585 parendi

177 2598 206 2617 “
221 2594 563 2654 magistratibus
607 2592 818 2638 morem³³
861 2592 911 2637 in
948 2598 1095 2637 castra
1137 2605 1314 2652 quoque
1357 2589 1615 2634 Romanum

177 2662 206 2681 “
222 2657 414 2703 militem
455 2657 594 2720 sequi.
663 2656 876 2703 Proximo
913 2656 1032 2702 bello
1068 2655 1118 2700 in
1154 2655 1254 2715 ipsa
1292 2652 1396 2707 acie,
1433 2652 1482 2696 in
1514 2651 1616 2712 ipso

178 2726 207 2745 “
224 2721 480 2775 certamine,
516 2737 739 2767 consensu
760 2720 980 2767 exercitfis
1001 2719 1217 2765 traditam
1238 2717 1358 2763 ultro
1381 2715 1615 2762 victoriam

176 2790 207 2809 “
223 2784 354 2830 victis
376 2785 537 2845 AEquis
555 2806 566 2840 ;
586 2786 716 2847 signa
738 2785 942 2839 deserta;
966 2784 1284 2845 imperatorem
1305 2781 1354 2825 in
1376 2779 1468 2825 acie
1489 2778 1616 2825 relic-

180 2854 210 2873 “
225 2855 324 2894 tum
344 2868 355 2902 3
380 2848 558 2910 injussu
578 2850 626 2894 in
654 2856 801 2894 castra
821 2849 1033 2895 reditum.
1087 2844 1306 2898 Profecto,
1344 2843 1383 2889 si
1402 2844 1612 2897 instetur,

175 2919 308 2959 “suo
329 2912 473 2959 milite
493 2913 612 2959 vinci
634 2914 828 2960 Romam
849 2927 998 2974 posse.
1065 2909 1197 2956 Nihil
1218 2907 1341 2955 aliud
1363 2923 1477 2970 opus
1499 2923 1612 2963 esse,
