1897 3287
625 211 792 244 mmm
815 213 900 244 111.
925 213 971 246 e.
998 214 1158 247 xvr11.
1511 206 1601 252 251

144 330 181 352 ‘¹
198 325 366 372 esset.”
439 325 549 372 Vim
583 325 794 372 ultimam
832 328 1081 389 apparebat
1116 328 1332 384 futuram,
1373 337 1608 393 spectacu-

142 388 278 452 loque
300 389 569 438 seditionem
593 390 848 437 Romanam
871 392 1083 438 hostibus
1104 392 1228 448 fore,
1254 409 1338 440 nec
1357 393 1429 440 lex
1450 402 1606 444 tamen

144 454 264 508 ferri,
291 470 374 500 nec
395 454 461 500 ire
482 454 531 499 in
555 455 835 516 Capitolium
858 457 1018 502 consul
1039 456 1220 519 potuit;
1245 472 1336 503 nox
1358 461 1606 508 certamina

140 525 294 579 coepta
335 519 591 579 oppressit;
638 520 812 566 tribuni
850 523 1024 567 cessere
1062 521 1198 576 nocti,
1247 521 1460 569 timentes
1499 541 1605 571 con-

144 581 294 627 sulum
317 598 456 628 arma.
525 583 708 629 Amotis
730 585 838 630 inde
863 585 1099 631 seditionis
1133 586 1406 642 auctoribus,
1444 587 1604 636 Patres

142 645 378 691 circumire
410 647 604 708 plebem,
642 648 976 711 inferentesque
1000 666 1047 695 se
1069 650 1119 695 in
1141 649 1346 705 circulos,
1373 667 1604 699 sermones

138 710 335 771 tempori
358 718 489 772 aptos
514 728 687 758 serere:
725 713 979 768 admonere,
1022 714 1134 760 “Ut
1155 714 1375 769 viderent,
1411 715 1459 760 in
1482 718 1605 778 quod

143 779 174 798 “
191 773 436 820 discrimen
457 777 784 837 rempublicam
808 778 1099 824 adducerent.
1168 778 1279 824 Non
1299 779 1419 825 inter
1442 780 1611 828 Patres

141 843 173 862 “
191 854 242 883 ac
263 839 444 900 plebem
467 848 694 887 certamen
717 858 815 888 esse
832 863 844 897 ;
871 843 952 888 sed
974 843 1112 889 simul
1134 843 1294 889 Patres
1314 843 1598 907 plebemque,

112 924 115 925 ⁷
144 907 173 927 “
193 918 342 948 arcem
374 904 514 959 urbiS‚
553 906 724 967 templa
757 906 959 961 deorum,
995 913 1183 969 penates
1215 908 1422 970 publicos
1454 910 1603 971 priva-

142 972 365 1029 “tosque,
407 969 619 1015 hostibus
653 970 805 1016 dedi.''
876 972 1001 1017 Dum
1039 972 1141 1018 haec
1172 972 1222 1018 in
1254 971 1353 1019 foro
1386 973 1602 1022 sedandae

137 1031 377 1078 discordiae
416 1036 551 1079 causa
588 1042 798 1096 aguntur,
843 1037 1050 1082 consules
1088 1037 1287 1092 interim,
1328 1053 1387 1083 ne
1426 1038 1599 1094 Sabini,

135 1111 193 1142 ne
236 1097 404 1159 Vejens
457 1097 606 1144 hostis
656 1107 926 1156 moveretur,
986 1101 1105 1147 circa
1157 1107 1312 1163 portas
1355 1118 1602 1166 murosque

135 1160 453 1208 discesserant.

201 1226 387 1272 XVIII.
434 1227 607 1274 Eadem
643 1234 777 1274 nocte
821 1235 866 1275 et
909 1230 1161 1276 Tusculum
1202 1230 1262 1276 de
1304 1247 1405 1278 arce
1449 1234 1595 1294 capta,

133 1289 453 1354 Capitolioque
475 1300 711 1354 occupato,
738 1299 783 1339 et
806 1294 892 1339 alio
915 1295 1112 1340 turbatae
1128 1295 1255 1340 urbis
1279 1302 1415 1351 statU,
1440 1298 1599 1344 nuncii

133 1355 338 1400 veniunt.
407 1356 462 1402 L.
489 1357 765 1403 Mamilius⁴⁵
799 1358 988 1404 Tusculi
1009 1366 1110 1405 tum
1134 1359 1327 1406 dictator
1350 1368 1460 1408 erat.
1529 1363 1593 1417 Is,

133 1419 375 1464 confestim
411 1429 657 1467 convocato
697 1430 871 1477 senatu,
914 1430 1051 1485 atque
1088 1424 1362 1471 introductis
1398 1426 1594 1481 nunciis,

133 1499 299 1544 magno
332 1500 469 1546 opere
502 1485 707 1542 censet‘ffi,
749 1488 866 1534 “Ne
897 1494 1176 1550 exspectent,
1214 1488 1326 1535 dum
1359 1490 1415 1536 ab
1451 1491 1600 1537 Roma

137 1552 167 1572 “
184 1547 334 1609 legati,
378 1549 597 1597 auxilium
635 1558 859 1613 petenteS,
900 1553 1114 1608 veniant3
1155 1554 1409 1615 periculum
1442 1555 1597 1617 ipsum

134 1616 167 1636 “
184 1612 567 1676 discrimenque⁴⁷,
604 1632 657 1663 ac
691 1617 877 1662 sociales
906 1617 1067 1673 deosffl,
1104 1618 1332 1681 fidemque
1353 1619 1592 1677 foederum,

135 1677 231 1722 “id
262 1694 464 1739 poscere.
533 1681 809 1727 Demerendi
839 1682 1059 1728 beneficio
1085 1689 1180 1728 tam
1212 1690 1462 1745 potentem,
1498 1691 1596 1732 tam

135 1746 166 1766 “
182 1742 485 1805 propinquam
529 1745 772 1800 civitatem,
824 1763 1059 1809 nunquam
1113 1763 1270 1809 parem
1313 1749 1595 1796 occasionem

132 1810 165 1830 “
184 1806 369 1853 daturos
405 1807 562 1854 deos.''
633 1810 788 1857 Placet
819 1811 928 1856 ferri
961 1811 1209 1867 auxilium3
1239 1811 1457 1874 juventus
1490 1830 1595 1861 con-

129 1871 356 1926 scribitur,
393 1888 520 1919 arma
551 1873 734 1921 dantur.
804 1876 999 1922 Romam
1032 1877 1179 1938 prima
1212 1877 1313 1923 luce
1343 1879 1590 1934 venientes,

129 1936 288 1997 procul
327 1937 523 1997 speciem
560 1938 765 1985 hostium
807 1941 1061 2002 praebuere.
1144 1942 1284 2004 AEqui
1321 1949 1402 1988 aut
1438 1943 1595 1990 Volsci

128 1999 280 2045 venire
303 2001 388 2046 visi
412 2010 547 2057 sunt;
582 2003 761 2059 deinde,
797 2005 878 2050 ubi
904 2022 1046 2051 vanus
1080 2012 1225 2052 terror
1257 2006 1381 2062 abiit,
1419 2009 1594 2070 accepti

129 2064 177 2109 in
198 2065 372 2120 urbem,
400 2067 580 2128 agmine
609 2069 658 2113 in
696 2069 846 2115 forum
886 2070 1224 2117 descendunt.⁴⁹
1290 2071 1365 2117 Ibi
1397 2071 1495 2134 jam
1535 2074 1589 2119 P.

129 2128 350 2185 Valerius,
377 2132 533 2178 relicto
557 2133 615 2178 ad
641 2141 876 2195 portarum
908 2135 1165 2196 praesidia⁵⁰
1186 2135 1371 2197 collega,
1398 2137 1593 2185 instrue·

127 2192 207 2239 bat
229 2194 386 2240 aciem.
454 2196 718 2244 Auctoritas
739 2199 825 2244 viri
845 2211 1063 2254 moverat,
1089 2201 1371 2256 affirmantis,
1408 2207 1438 2227 “
1457 2202 1593 2264 Capi-

131 2263 164 2283 “
179 2259 290 2304 tolio
314 2268 590 2322 recuperato,
623 2269 668 2308 et
690 2264 802 2309 urbe
834 2267 1007 2325 pacata,
1035 2265 1074 2310 si
1097 2264 1307 2311 edoceri⁵²
1335 2282 1382 2311 se
1405 2267 1588 2322 sissent,

131 2328 164 2347 “
179 2339 282 2386 quae
306 2324 429 2371 fraus
453 2326 509 2371 ab
534 2327 728 2373 tribunis
756 2329 933 2374 occulta
963 2329 1013 2374 in
1044 2329 1143 2391 lege
1176 2329 1381 2385 ferretur,
1419 2346 1591 2377 memo-

131 2393 274 2435 “rem
299 2406 345 2435 se
369 2390 593 2453 majorum
618 2409 816 2447 suorum,
854 2409 1103 2440 memorem
1133 2394 1432 2456 cognomini-S,
1468 2395 1591 2458 quod

129 2458 161 2478 “
177 2455 336 2516 populi
358 2456 535 2501 colendi
557 2457 681 2502 velut
702 2457 977 2503 hereditaria
999 2475 1107 2504 cura
1127 2459 1217 2504 sibi
1239 2461 1266 2504 a
1297 2459 1588 2522 majoribus⁵²

127 2519 345 2564 “tradita
393 2527 525 2575 esset,
583 2522 825 2567 concilium
879 2523 1026 2584 plebis
1070 2539 1164 2569 non
1206 2523 1584 2586 impediturum.''

126 2580 266 2628 Hunc
290 2584 451 2630 ducem
474 2587 630 2641 secuti,
668 2587 969 2649 nequicquam
998 2586 1349 2635 reclamantibus
1371 2589 1584 2644 tribunis,

124 2646 174 2690 in
200 2646 366 2695 clivum
401 2649 711 2711 Capitolinum
746 2652 927 2714 erigunt
959 2652 1159 2698 aciem⁵³.
1226 2652 1509 2714 Adjungitur
1541 2661 1587 2700 et

122 2710 384 2757 Tusculana
403 2713 536 2775 legio.
607 2716 791 2762 Certare
816 2717 925 2762 socii
947 2717 1169 2779 civesque,
1195 2718 1287 2762 utri
1309 2724 1586 2779 recuperatae

122 2775 240 2820 arcis
265 2791 398 2822 suum
421 2777 558 2825 decus
583 2780 782 2826 facerent
802 2801 813 2836 ;
840 2781 933 2827 dux
954 2788 1146 2843 uterque
1169 2798 1275 2828 suos
1297 2782 1583 2830 adhortatur.

118 2838 370 2901 Trepidare
408 2848 508 2888 tum
545 2844 716 2900 hostes,
763 2862 847 2892 nec
883 2846 967 2892 ulli
1005 2847 1116 2892 satis
1153 2846 1233 2901 rei,
1278 2854 1586 2910 praeterquam

100 2902 274 2960 ‘100052
301 2905 467 2962 fidere3
503 2909 836 2970 trepidantibus
857 2910 1061 2958 inferunt
1083 2910 1215 2973 signa
1235 2911 1434 2960 Romani
1454 2912 1584 2961 socii-
