1897 3287
624 253 791 285 LIBER
815 255 850 285 1.
889 255 934 286 c.
962 256 1092 286 Lvrr.
1525 245 1584 288 55

137 367 289 414 animo
312 382 395 413 suo
417 366 666 429 quidquam
688 366 784 428 regi
805 366 1109 421 timendum⁴4‚
1147 382 1292 429 neque
1323 367 1373 412 in
1406 368 1589 414 fortuna

136 431 564 493 concupiscendum,
589 431 840 492 relinquere
865 431 1041 485 statuit,
1079 437 1434 492 contemptuque
1456 439 1585 479 tutus

137 511 248 550 esse,
274 495 355 540 ubi
376 495 424 540 in
440 494 543 556 jure
564 511 727 556 parum
759 495 963 556 praesidii
997 501 1131 540 esset.
1200 495 1324 556 Ergo
1357 511 1411 540 ex
1432 496 1587 542 indus-

135 559 224 605 tria
262 558 414 621 ¹factus
458 558 517 604 ad
554 559 856 604 imitationem
893 559 1116 612 stultitiae,
1156 575 1296 620 quum
1337 574 1384 604 se
1419 575 1588 621 suaque

135 622 306 684 praedae
329 638 428 669 esse
439 622 544 684 ‘regi
568 623 746 678 sineret,
774 623 908 668 Bruti
930 639 1108 684 quoque
1140 622 1267 668 haud
1295 623 1455 668 abnuit
1487 639 1587 684 cog-

135 702 317 741 nomen,
370 692 422 732 ut
459 687 543 732 sub
580 686 676 748 ejus
715 686 907 732 obtentu
945 687 1228 748 cognominis
1266 686 1481 732 liberator
1513 687 1588 732 ille

134 751 294 812 populi
317 750 514 796 Romani
536 751 715 796 animus
736 750 882 796 latens
906 751 1190 812 opperiretur
1212 758 1420 812 tempora
1448 751 1586 796 sua45.

135 815 186 860 Is
207 821 308 860 tum
330 814 386 859 ab
410 814 669 876 Tarquiniis
692 814 856 860 ductus
878 815 1099 876 Delphos,
1136 814 1386 860 ludibrium
1421 813 1585 869 veritis,

134 880 272 939 quam
293 894 458 933 comes,
485 894 671 924 aureum
692 878 919 933 baculum,
944 879 1171 924 inclusum
1203 878 1401 925 corneo*6
1433 886 1589 924 cavato

134 941 194 987 ad
214 942 264 988 id
283 942 458 997 baculo,
479 942 638 988 tulisse
661 942 833 988 donum
855 943 1058 1004 Apollini
1076 943 1254 997 dicitur,
1272 959 1354 1004 per
1376 944 1588 1004 ambages

135 1005 332 1068 effigiem
354 1007 528 1068 ingenii
551 1006 675 1053 sui47.
746 1007 848 1060 Quo
870 1014 1113 1069 postquam
1146 1014 1335 1052 ventum
1369 1014 1451 1062 est,
1489 1023 1589 1068 per·

133 1069 265 1116 fectis
287 1071 432 1132 patris
454 1071 698 1125 mandatis,
726 1071 891 1132 cupido
912 1070 1134 1117 incessit⁴¹⁸
1157 1071 1332 1117 animos
1366 1071 1588 1133 juvenum

135 1133 411 1189 sciscitandi,
438 1134 496 1180 ad
518 1151 653 1196 quem
677 1150 832 1180 eorum
855 1151 1046 1196 regnum
1064 1136 1324 1180 Romanuin
1341 1142 1461 1181 esset
1483 1151 1587 1181 ven-

134 1204 307 1244 turum.
365 1198 437 1244 Ex
457 1199 616 1243 infimo
640 1214 779 1259 specu
799 1215 955 1244 vocem
977 1199 1203 1244 redditam
1226 1200 1405 1245 ferunt:
1447 1205 1477 1224 “
1496 1200 1587 1244 Im-

138 1267 170 1287 “
190 1263 368 1323 perium
387 1278 618 1307 summum
637 1263 798 1307 Romae
815 1262 1015 1317 habebit,
1041 1263 1119 1325 qui
1138 1263 1338 1308 vestrum
1351 1263 1542 1324 primus,
1562 1266 1588 1308 ὃ

137 1331 170 1352 “
186 1326 389 1387 juveneS,
408 1326 615 1372 osculum
637 1326 775 1371 matri
796 1327 1001 1372 tulerit.''
1071 1327 1319 1388 Tarquinii,
1336 1334 1388 1372 ut
1405 1328 1583 1379 Sextus,

133 1391 213 1452 qui
247 1390 410 1436 Romae
447 1390 632 1436 relictus
668 1390 828 1445 fuerat,
870 1391 1056 1452 ignarus
1101 1391 1307 1452 responsi
1337 1407 1585 1452 expersque

133 1453 314 1516 imperii
335 1460 467 1509 esset,
493 1470 589 1500 rem
621 1457 799 1499 summa
837 1470 922 1516 ope
957 1455 1095 1500 taceri
1127 1456 1291 1516 jubent
1308 1475 1320 1509 ;
1355 1455 1446 1517 ipsi
1467 1455 1586 1500 inter

134 1533 197 1573 se,
221 1526 324 1564 uter
361 1518 499 1580 prior,
535 1534 678 1580 quum
711 1519 906 1564 Romam
939 1519 1176 1573 redissent,
1213 1519 1349 1564 matri
1380 1519 1587 1565 osculum

133 1582 275 1637 daret,
323 1583 436 1628 sorti
491 1582 780 1644 permittunt.
863 1583 1036 1628 Brutus
1080 1583 1167 1629 alio
1209 1591 1336 1629 ratus
1383 1589 1587 1645 spectare

134 1646 377 1708 Pythicam
399 1645 606 1701 vocem49,
632 1647 756 1693 velut
789 1646 828 1693 si
860 1648 1099 1709 prolapsus
1134 1647 1381 1702 cecidisset,
1419 1653 1586 1693 terram

134 1711 290 1757 osculo
313 1711 519 1773 contigit,
539 1710 723 1765 scilicet,
743 1710 863 1772 quod
881 1727 932 1757 ea
949 1711 1205 1757 communis
1219 1719 1364 1757 mater
1382 1711 1586 1757 omnium

133 1775 396 1821 mortalium
419 1782 554 1821 esset.
624 1775 842 1821 Reditum
871 1775 977 1821 inde
1011 1776 1222 1830 Romam,
1257 1775 1338 1822 ubi
1371 1773 1586 1822 adversus

134 1838 333 1885 Rutulos
355 1839 526 1885 bellum
549 1842 728 1884 summa
748 1839 793 1884 vi
814 1840 1074 1901 parabatur.

198 1903 353 1949 LVII.
389 1903 590 1948 Ardeam
628 1903 791 1949 Rutuli
828 1904 1071 1958 habebant,
1105 1920 1229 1965 gens,
1268 1910 1322 1949 ut
1347 1903 1396 1949 in
1432 1905 1484 1949 ea
1517 1919 1584 1949 re-

132 1966 308 2028 gione-'⁵⁰
333 1973 467 2029 atque
488 1967 538 2013 in
561 1969 612 2013 ea
633 1974 784 2021 aetate,
802 1967 971 2013 divitiis
988 1968 1262 2029 praepollens
1280 1988 1291 2023 ;
1328 1983 1467 2029 eaque
1482 1968 1584 2029 ipsa

131 2047 270 2077 causa
289 2031 397 2077 belli
418 2031 519 2086 fuit,
547 2030 668 2093 quod
688 2047 768 2077 rex
791 2032 1028 2078 Romanus
1058 2039 1158 2077 tum
1190 2032 1288 2093 ipse
1323 2032 1472 2086 ditari,
1510 2048 1583 2077 ex-

131 2095 327 2141 haustus
370 2095 706 2157 magnificentia
736 2096 1024 2157 publicorum
1057 2112 1258 2158 operum,
1297 2103 1397 2141 tum
1429 2095 1586 2157 praeda.

132 2159 319 2205 delinire
332 2160 622 2221 popularium
637 2160 828 2215 animOS‚
851 2160 1076 2215 studebat,
1094 2168 1262 2222 praeter
1275 2160 1410 2206 aliam
1429 2176 1583 2221 super-

131 2223 307 2278 biam⁵¹,
333 2240 473 2285 regno
494 2223 686 2270 infestos
709 2225 862 2279 etiam,
888 2224 1010 2286 quod
1032 2241 1079 2270 se
1101 2226 1150 2270 in
1179 2225 1411 2270 fabrorum
1427 2224 1583 2269 minis-

132 2287 258 2333 teriis
294 2304 346 2334 ac
382 2288 533 2334 servili
561 2288 740 2334 tamdiu
773 2289 957 2334 habitos
991 2305 1125 2351 opere
1161 2289 1217 2334 ab
1246 2304 1350 2349 rege
1377 2288 1584 2349 indigna-

130 2351 314 2398 bantur.
330 2352 527 2398 Tentata
539 2368 611 2398 res
628 2358 711 2407 est,
724 2353 764 2398 si
775 2353 924 2414 primo
940 2353 1119 2415 impetu
1135 2353 1234 2414 capi
1243 2352 1395 2398 Ardea
1409 2359 1582 2413 posset.

132 2415 228 2461 Ubi
240 2416 290 2462 id
310 2432 473 2478 parum
489 2417 725 2479 processit,
752 2417 986 2463 obsidione
1008 2417 1430 2478 munitionibusque
1445 2418 1584 2477 coepti

130 2481 277 2541 premi
298 2480 471 2527 hostes.
541 2481 600 2527 In
620 2481 676 2527 iis
701 2481 890 2535 stativis,
927 2488 981 2527 ut
1013 2482 1067 2526 fit
1099 2481 1235 2543 longo
1268 2481 1413 2541 magis
1446 2482 1583 2541 quam

131 2544 224 2590 acri
266 2544 397 2600 bello,
446 2546 556 2591 satis
604 2545 735 2591 liberi
772 2545 1094 2592 commeatus⁵²
1130 2552 1271 2600 erant,
1307 2543 1583 2606 primoribus

131 2614 287 2654 tamen
322 2610 482 2671 magis,
521 2612 658 2671 quam
694 2609 932 2656 militibus.
1011 2609 1145 2671 Regii
1182 2608 1365 2671 quidem
1392 2607 1583 2669 juvenes

130 2671 363 2719 interdum
405 2674 552 2719 otium
596 2673 812 2720 conviviis
856 2673 1350 2733 comessationibusque
1381 2672 1501 2717 inter
1535 2687 1584 2718 se

130 2736 354 2782 tere-bant.
422 2738 560 2784 Forte
580 2738 847 2800 potantibus
872 2738 947 2784 his
981 2737 1106 2799 apud
1139 2738 1241 2783 Sex.
1266 2735 1579 2798 Tarquinium,

130 2799 212 2845 ubi
244 2806 291 2846 et
324 2800 578 2848 Collatinus
611 2802 821 2848 coenabat
874 2801 1163 2864 Tarquinius,
1199 2800 1354 2862 Egerii
1401 2798 1579 2853 filius53,

134 2863 297 2911 incidit
318 2864 375 2912 de
397 2866 614 2912 uxoribus
634 2866 840 2921 mentio;
877 2882 1006 2912 suam
1028 2865 1219 2927 quisque
1238 2863 1423 2910 laudare
1454 2863 1584 2910 miris

135 2928 301 2976 modis.
370 2929 486 2977 Inde
498 2930 744 2977 certamine
757 2929 998 2985 accenso⁵⁴,
1021 2929 1274 2976 Collatinus
1287 2935 1424 2992 negat
1434 2927 1583 2975 verbis
