1897 3287
328 239 389 282 22
943 251 991 282 Τ.
1030 251 1186 284 mvn.

326 371 484 413 terunt
515 370 732 429 tempus.
790 371 822 392 “
856 365 914 413 Se
959 365 1131 414 invitos
1177 365 1443 441 quidquam,
1495 365 1620 430 quod
1651 365 1808 414 minus

329 431 562 506 “placeat
583 431 735 487 Tullo,
773 431 1005 479 dicturos:
1043 432 1159 479 sed
1145 433 1341 495 lmperio
1365 432 1549 495 subigi;
1585 448 1658 479 res
1679 446 1809 495 repe-

331 498 524 544 “titum
550 513 598 544 se
620 497 814 544 venisse.
885 497 951 544 Ni
973 497 1239 553 reddantur,
1267 498 1441 545 bellum
1479 498 1680 545 indicere
1710 497 1808 560 jus-

350 569 476 610 ‘.sos
481 564 510 582 ''
578 563 659 609 Ad
691 562 795 609 haec
826 563 1005 618 Tullus,
1068 562 1395 619 ‘Nunciatess'
1431 564 1597 626 inquit,
1653 563 1810 626 “regi

331 634 362 654 “
382 637 549 684 vestro,
607 645 764 690 regem
819 628 1086 675 Romanum
1144 628 1254 675 deos
1308 629 1456 676 facere
1505 636 1661 683 testes,
1705 636 1810 675 uter

331 700 362 720 “
382 693 512 757 prius
545 695 746 756 populus
779 709 852 740 res
885 701 1145 756 repetentes
1195 694 1371 756 legatos
1422 702 1694 756 aspernatus
1741 693 1810 739 di-

331 765 362 784 “
385 760 577 814 miserit,
614 766 668 805 ut
701 759 751 806 in
797 775 902 806 eum
938 776 1099 805 omnes
1148 768 1368 822 expetant
1413 760 1607 823 hujusce
1653 758 1809 806 clades

330 830 362 850 “
382 825 583 871 belli⁵¹.’'

390 891 584 937 XXIII.
623 890 743 937 Haec
774 889 999 936 nunciant
1033 889 1482 936 domum‘Albaniffl.
1552 890 1615 936 Et
1635 889 1809 936 bellum

323 956 541 1018 utrinque
576 958 757 1001 summa
790 971 877 1018 ope
910 955 1174 1018 parabatur,
1214 955 1335 1001 civili
1359 955 1646 1001 simillimum
1669 955 1805 1010 bello,

323 1025 470 1083 prope
493 1022 612 1066 inter
634 1028 848 1083 parentes
887 1028 1126 1083 natosque,
1165 1020 1415 1083 Trojanam
1437 1029 1682 1083 utramque
1704 1037 1808 1084 pro-

323 1087 429 1141 lem,
484 1103 626 1148 quum
678 1086 925 1132 Lavinium
976 1087 1032 1132 ab
1067 1086 1218 1148 Tro-ja,
1257 1086 1314 1132 ab
1349 1086 1543 1133 Lavinio
1576 1086 1713 1140 Alba,
1750 1086 1808 1132 ab

324 1151 612 1198 Albanorum
638 1152 781 1214 stirpe
803 1168 963 1214 regum
990 1152 1173 1198 oriundi
1198 1152 1411 1207 Romani,
1432 1158 1602 1198 essent.
1660 1151 1810 1198 Even-

323 1224 401 1263 tus
424 1226 581 1263 tamen
616 1217 723 1263 belli
759 1216 915 1264 minsis
951 1218 1261 1264 miserabilem
1299 1218 1644 1264 dimicationem
1682 1217 1806 1272 fecit,

323 1282 447 1345 quod
479 1299 564 1328 nec
611 1283 705 1328 acie
754 1292 979 1329 certatum
1027 1292 1111 1337 est,
1163 1293 1221 1338 et,
1276 1284 1411 1329 tectis
1457 1283 1598 1329 modo
1644 1281 1810 1329 dirutis

324 1348 512 1394 alterius
534 1348 676 1403 urbis.
707 1348 798 1394 duo
821 1349 982 1411 populi
1005 1348 1053 1394 in
1076 1365 1224 1394 unum
1248 1348 1430 1394 confusi
1454 1357 1578 1394 sunt.
1637 1348 1811 1394 Albani

323 1414 499 1475 priores
544 1414 722 1476 ingenti
767 1415 968 1460 exercitu
1000 1414 1050 1460 in
1084 1431 1247 1476 agrum
1283 1415 1548 1460 Romanum
1581 1414 1810 1475 impetum

325 1480 498 1534 fecere3
524 1488 674 1525 castra
697 1479 754 1525 ab
778 1480 891 1525 urbe
914 1480 1042 1526 haud
1065 1480 1170 1542 plus
1195 1480 1396 1542 quinque
1417 1479 1564 1525 millia
1586 1495 1810 1542 passuum

324 1544 506 1600 locant,
543 1545 668 1590 fossa
689 1545 976 1591 circumdant
997 1567 1009 1600 ;
1047 1545 1173 1591 fossa
1197 1546 1365 1592 Cluilia
1387 1545 1444 1591 ab
1467 1545 1656 1592 nomine
1678 1544 1810 1591 ducis

322 1625 406 1672 per
440 1610 615 1672 aliquot
649 1604 805 1656 secula
836 1611 1066 1673 appellata
1100 1619 1182 1665 est,
1240 1611 1385 1657 donec
1419 1627 1524 1656 cum
1559 1627 1607 1656 re
1639 1626 1811 1656 nomen

324 1691 505 1738 quoque
526 1683 755 1722 vetustate
779 1675 992 1723 abolevit.
1062 1676 1120 1722 In
1143 1676 1217 1722 his
1242 1677 1403 1722 castris
1428 1676 1638 1731 Cluilius,
1669 1675 1811 1721 Alba-

324 1757 412 1787 nus
436 1757 529 1796 rex,
567 1742 765 1786 moritur
784 1763 796 1797 3
834 1741 1107 1787 dictatorem
1130 1741 1302 1787 Albani
1326 1742 1533 1788 Mettum
1557 1741 1809 1787 Fuffetium

325 1814 496 1853 creant.
568 1807 764 1853 Interim
798 1806 963 1853 Tullus
997 1807 1140 1863 ferox,
1184 1807 1420 1870 praecipue
1469 1814 1619 1853 morte
1669 1807 1803 1869 regis,

323 1889 639 1934 magnumque
673 1872 863 1918 deorum
886 1872 1121 1928 numen53,
1160 1874 1217 1919 ab
1251 1873 1354 1936 ipso
1389 1873 1539 1936 capite
1563 1889 1733 1928 orsum,
1760 1872 1810 1919 111

325 1954 462 1984 omne
493 1954 665 1983 nomen
697 1938 934 1984 Albanum
969 1938 1282 2000 expetiturum
1315 1956 1478 2001 poenas
1530 1939 1588 1985 ob
1635 1938 1810 1984 bellum

324 2004 522 2066 impium
557 2003 788 2058 dictitans,
826 2011 961 2050 nocte
993 2003 1243 2066 praeteritis
1283 2003 1494 2050 hostium
1528 2004 1690 2050 castris
1739 2003 1808 2049 in-

323 2069 444 2115 festo
478 2069 680 2115 exercitu
711 2069 761 2114 in
795 2085 958 2131 agrum
990 2068 1227 2115 Albanum
1260 2070 1429 2132 pergit.
1512 2069 1583 2116 Ea
1628 2085 1701 2115 res
1751 2070 1808 2115 ab

326 2135 506 2181 statiw's
530 2134 697 2180 excivit
717 2133 924 2180 Mettum
943 2155 954 2190 ;
999 2135 1126 2181 ducit
1150 2137 1287 2197 quam
1309 2135 1520 2197 proxime
1544 2135 1604 2181 ad
1625 2135 1809 2182 hostem

324 2200 527 2262 potest⁵4
546 2221 558 2255 3
583 2199 691 2245 inde
713 2200 918 2262 legatum
940 2200 1237 2263 praemissum
1261 2201 1479 2247 nunciare
1503 2200 1640 2246 Tullo
1657 2200 1804 2263 jubet,

324 2265 595 2328 priusquam
618 2265 851 2321 dimicent,
890 2282 1008 2328 opus
1042 2282 1141 2312 esse
1165 2266 1390 2329 colloquio
1412 2287 1424 2321 ;
1462 2266 1501 2312 si
1525 2282 1681 2312 secum
1704 2282 1809 2312 con-

325 2348 515 2394 gressus
550 2331 625 2387 sit,
679 2331 791 2376 satis
833 2332 947 2378 scire
995 2347 1048 2378 ea
1098 2347 1146 2378 se
1194 2331 1455 2387 allaturum,
1507 2348 1611 2394 quae
1661 2330 1808 2377 nihilo

324 2395 482 2444 mimis
505 2396 564 2443 ad
579 2412 678 2443 rem
700 2397 973 2452 Romanam,
1002 2399 1139 2460 quam
1163 2397 1222 2443 ad
1244 2397 1489 2452 Albanam,
1528 2397 1806 2459 pertineant.

326 2462 473 2510 Haud
494 2469 765 2525 aspernatus
798 2463 975 2517 Tullus,
1016 2463 1203 2509 tametsi
1222 2479 1342 2509 vana
1380 2462 1532 2509 afferri
1555 2461 1788 2508 rebatur⁵⁵

325 2528 377 2575 in
398 2528 543 2575 aciem
565 2527 781 2574 educit⁵⁶.
849 2528 1034 2574 Exeunt
1056 2531 1217 2574 contra
1239 2535 1283 2574 et
1297 2528 1484 2574 Albani.
1553 2499 1809 2590 Postquani

325 2593 544 2641 instructi
587 2593 804 2655 utrinque
852 2594 1050 2649 stabant,
1104 2610 1210 2640 cum
1259 2594 1420 2655 paucis
1466 2608 1710 2656 procerum
1758 2593 1809 2639 in

327 2660 535 2707 medium
556 2658 696 2706 duces
718 2659 989 2721 procedunt.
1059 2659 1134 2705 Ibi
1156 2659 1260 2704 infit
1282 2660 1522 2705 Albanus:
1553 2658 1808 2732 “Injurlas

354 2732 434 2772 ‘et
465 2742 562 2772 non
593 2724 797 2771 redditas
830 2741 903 2771 res
939 2741 994 2770 ex
1026 2723 1212 2780 foedere,
1251 2741 1355 2787 quae
1389 2724 1598 2787 repetitae
1627 2724 1734 2780 sint,
1762 2733 1809 2770 et

335 2797 366 2816 “
389 2807 472 2853 ego
505 2790 710 2853 regem⁵⁷
733 2798 944 2836 nostrum
980 2789 1215 2844 Cluilium,
1254 2806 1440 2836 causam
1473 2789 1668 2852 hujusce
1707 2805 1807 2836 esse

335 2861 368 2881 “
387 2856 507 2911 belli,
535 2856 718 2903 audisse
749 2855 939 2911 videor3
974 2871 1060 2901 nec
1081 2861 1127 2901 te
1151 2855 1326 2911 dubito,
1353 2855 1499 2910 Tulle,
1527 2855 1688 2902 eadem
1708 2871 1808 2917 prae

354 2927 436 2968 ‘te
469 2922 603 2968 ferre.
674 2921 778 2977 Sed,
818 2921 857 2967 si
889 2937 996 2967 vera
1028 2918 1199 2983 potius,
1250 2938 1388 2984 quam
1423 2921 1551 2968 dictu
1578 2921 1803 2994 speciosa,

337 2993 368 3014 “
391 2987 583 3044 dicenda
606 2995 727 3043 sunt,
771 2987 972 3050 cupido
960 3003 1025 3033 1111
1028 2987 1142 3050 perii
1165 2987 1280 3033 duos
1304 2996 1524 3050 cognatos
1545 2986 1807 3049 vicinosque
