1897 3287
246 202 333 247 140
864 216 910 248 T.
948 217 1103 248 LIVII.

239 329 435 392 Appius,
471 328 754 376 vehementis
792 330 966 392 ingenii
1000 331 1081 385 vir,
1119 331 1310 392 imperio
1345 331 1571 377 consulari
1602 347 1699 378 rem

241 394 464 456 agendam
508 396 753 450 censebat3
804 412 897 441 uno
937 404 1015 441 aut
1052 395 1194 440 altero
1231 403 1425 457 arrepto,
1466 396 1699 457 quieturos

238 459 366 505 alios
465 459 695 514 Servilius,
747 460 925 505 lenibus
975 459 1187 505 remediis
1238 461 1400 521 aptior,
1449 460 1699 506 concitatos

237 524 414 570 animos
446 524 580 579 flecti,
617 527 754 586 quam
790 524 954 586 frangi,
994 524 1187 585 putabat
1225 540 1365 586 quum
1400 525 1559 579 tutius,
1597 532 1698 570 tum

235 587 427 643 facilius,
455 604 568 634 esse.

302 652 483 698 XXIV.
521 653 650 698 Inter
681 652 783 698 haec
805 652 951 714 major
973 652 1088 698 alius
1111 658 1273 698 terror.
1341 653 1498 698 Latini
1521 653 1696 715 equites

239 732 344 762 cum
387 716 673 762 tumultuoso
719 716 932 762 advolant
975 717 1175 762 nuncio:
1239 722 1270 741 “
1292 716 1484 763 Volscos
1527 718 1697 763 infesto

241 787 273 806 “
289 781 489 827 exercitu
510 781 570 826 ad.
590 781 749 826 urbem
776 781 1132 842 oppugnandam
1154 781 1355 826 venire.''
1408 782 1525 836 Quae
1542 782 1698 828 audita

237 845 374 905 (adeo
395 845 508 890 duas
533 861 587 890 ex
608 848 699 890 una
732 845 913 891 civitate
944 845 1170 891 discordia
1197 844 1384 906 fecerat)
1409 846 1545 908 longe
1567 846 1698 892 aliter

238 909 397 956 Patres
436 925 488 955 ac
525 909 706 970 plebem
741 909 945 955 affecere.
1027 909 1270 955 Exsultare
1307 910 1473 971 gaudio
1507 911 1692 971 plebes;

241 981 272 999 “
287 975 457 1021 ultores
477 974 701 1035 superbiae
725 974 916 1019 Patrum
940 973 1127 1020 adesse’'
1155 974 1302 1019 dicere
1328 980 1359 999 “
1377 974 1534 1020 deos.'’
1561 975 1696 1021 Alius

235 1039 374 1085 alium
404 1040 684 1093 confirmare,
722 1055 779 1084 ne
809 1039 996 1084 nomina
1014 1038 1173 1084 darent
1190 1037 1254 1084 ¹³:
1295 1044 1325 1063 “
1341 1054 1445 1084 cum
1484 1040 1696 1086 omnibus

241 1110 272 1129 “
287 1102 456 1165 potius,
517 1106 653 1165 quam
705 1103 839 1157 solos,
892 1103 1137 1164 perituros.
1228 1104 1387 1149 Patres
1429 1104 1692 1159 militarent,

241 1173 272 1193 “
288 1169 447 1214 Patres
469 1184 596 1213 arma
624 1175 851 1230 caperent,
892 1175 946 1213 ut
974 1184 1114 1229 penes
1145 1168 1328 1213 eosdem
1350 1168 1551 1229 pericula
1570 1168 1691 1223 belli,

240 1238 429 1294 “penes
454 1248 567 1294 quos
596 1233 789 1293 praemia
819 1233 1021 1278 essent.''
1107 1234 1172 1278 At
1208 1232 1313 1278 vero
1351 1233 1488 1286 curia,
1530 1242 1697 1279 moesta

235 1313 289 1343 ac
335 1297 516 1359 trepida
580 1297 769 1358 ancipiti
816 1307 945 1343 metu
993 1305 1037 1343 et
1090 1298 1145 1342 ab
1204 1298 1298 1343 cive
1344 1304 1389 1342 et
1433 1298 1489 1342 ab
1544 1297 1692 1352 hoste,

235 1362 477 1408 Servilium
505 1362 749 1416 consulem,
785 1362 858 1407 cui
886 1362 1122 1424 ingenium
1154 1362 1301 1423 magis
1326 1362 1545 1423 populare
1582 1371 1690 1416 erat,

235 1442 377 1481 orare,
401 1433 455 1472 ut
486 1426 627 1472 tantis
663 1427 1014 1472 circumventam
1045 1427 1294 1472 terroribus
1325 1426 1556 1488 expediret
1578 1443 1695 1472 rem-

233 1491 479 1553 publicam.
563 1491 685 1536 Tum
723 1492 894 1545 consul,
942 1491 1084 1537 misso
1125 1498 1299 1545 senatu,
1342 1490 1392 1536 in
1429 1491 1694 1537 concionem

234 1556 404 1617 prodit.
436 1555 510 1601 Ibi
550 1554 720 1601 “curae
744 1572 841 1601 esse
866 1556 1091 1610 Patribus,
1098 1556 1127 1575 ''
1160 1555 1374 1610 ostendit,
1407 1561 1502 1601 “ut
1534 1572 1694 1602 consu-

239 1620 407 1666 “latur
427 1619 580 1681 plebi;
615 1619 816 1666 ceterum
847 1620 1159 1666 deliberationi
1193 1620 1248 1666 de
1278 1620 1478 1666 maxima
1509 1621 1694 1682 quidem

239 1690 270 1710 ‘⁸
285 1684 373 1739 1lla,
410 1684 491 1730 sed
524 1690 678 1730 tamen
714 1685 878 1758 parte14
911 1685 1120 1739 civitatis,
1163 1693 1339 1731 metum
1372 1700 1455 1746 pro
1488 1685 1699 1730 universa

239 1754 270 1774 “
288 1749 860 1811 republicaintenenisse;
893 1766 977 1796 nec
1006 1766 1154 1811 posse,
1196 1765 1339 1812 quum
1366 1749 1525 1794 hostes
1554 1765 1697 1811 prope

238 1814 345 1860 “ad
365 1821 521 1876 portas
561 1821 725 1868 essent,
768 1814 886 1860 bello
918 1815 1204 1876 praevertisse
1238 1813 1554 1876 quidquamff:
1597 1830 1692 1869 nec,

240 1884 270 1904 “
288 1879 328 1924 si
350 1880 409 1924 sit
432 1879 679 1925 laxamenti
706 1879 890 1941 aliquid,
924 1886 1003 1924 aut
1036 1879 1160 1941 plebi
1191 1879 1439 1924 honestum
1468 1893 1581 1933 esse,
1607 1878 1697 1924 nisi

240 1944 489 1989 “mercede
510 1944 639 2004 prius
673 1946 869 2005 accepta,
907 1959 1032 1989 arma
1064 1960 1148 2005 pro
1186 1943 1334 2005 patria
1364 1959 1459 1989 non
1491 1943 1694 2004 cepisse;

238 2013 270 2033 “
284 2024 430 2070 neque
453 2008 666 2054 Patribus
691 2009 801 2053 satis
826 2008 1052 2062 decorum,
1074 2024 1156 2070 per
1169 2014 1345 2054 metum
1370 2005 1541 2069 potius,
1560 2010 1697 2069 quin-n

239 2072 529 2134 “postmodo
563 2073 810 2126 voluntate,
855 2073 1034 2118 afflictis
1074 2072 1241 2118 civium
1281 2088 1468 2118 suorum
1500 2071 1696 2118 fortunis

240 2143 271 2162 “
289 2137 619 2183 consuluisse.”
691 2137 913 2183 Concioni
947 2137 1109 2183 deinde
1134 2137 1281 2183 edicto
1305 2137 1482 2182 addidit
1504 2136 1693 2192 fidenilss,

237 2218 325 2264 quo
366 2202 520 2257 edixit,
584 2207 614 2227 “
636 2202 710 2248 Ne
750 2202 851 2263 quis
891 2202 1033 2247 civem
1073 2202 1334 2248 Romanum
1368 2201 1573 2247 vinctum
1617 2210 1696 2247 aut

242 2273 271 2291 ‘⁶
289 2267 492 2312 clausum
527 2273 715 2321 teneret,
751 2283 839 2327 quo
869 2265 1024 2312 minus
1063 2266 1105 2312 ei
1141 2266 1340 2312 nominis
1377 2266 1540 2312 edendi
1573 2266 1696 2327 apud

242 2338 271 2356 ‘⁶
290 2332 497 2377 consules
520 2339 724 2392 potestas
749 2332 890 2377 fieret.
949 2332 1022 2377 Ne
1047 2331 1147 2392 quis
1161 2331 1337 2385 militis,
1364 2330 1506 2376 donec
1528 2330 1577 2375 in
1600 2346 1695 2376 cas-

241 2402 270 2420 “
287 2397 371 2441 tris
390 2403 522 2450 esset,
548 2396 667 2441 bona
689 2396 955 2457 possideret,
994 2405 1072 2441 aut
1093 2395 1335 2441 venderet:
1370 2395 1535 2440 liberos
1557 2410 1695 2456 nepo-

240 2467 408 2506 “tesve
431 2460 528 2522 ejus
550 2460 898 2505 moraretur¹⁷.'’
969 2461 1073 2506 Hoc
1101 2460 1337 2532 proposito
1361 2459 1521 2513 edicto,
1549 2466 1594 2504 et
1617 2459 1696 2521 qui

236 2525 423 2570 aderant
455 2524 560 2570 nexi
591 2525 794 2585 profiteri
828 2525 1054 2586 extemplo
1088 2525 1287 2579 nomina,
1340 2530 1386 2569 et
1417 2523 1617 2584 undique
1640 2540 1696 2569 ex

235 2592 332 2635 tota
363 2589 475 2635 urbe
508 2589 858 2650 pioripientium
899 2606 945 2635 se
983 2606 1037 2634 ex
1068 2589 1258 2661 privato,
1297 2604 1437 2649 quum
1470 2587 1695 2633 retinendi

232 2670 308 2715 jus
343 2653 554 2700 creditori
588 2669 682 2698 non
719 2662 852 2708 esset,
895 2669 1140 2699 concursus
1172 2653 1222 2698 in
1256 2652 1419 2706 forum,
1462 2660 1515 2696 ut
1549 2668 1694 2697 sacra-

237 2726 391 2764 mento
417 2717 666 2772 dicerentffi,
708 2718 820 2762 fieri.
891 2718 1066 2778 Magna
1105 2733 1158 2763 ea
1193 2732 1357 2762 manus
1392 2716 1511 2770 fuit3
1546 2731 1695 2778 neque

237 2782 431 2828 alioium
453 2784 599 2843 magis
617 2781 666 2826 in
690 2781 733 2825 Υ
736 2783 858 2827 olsco
881 2783 1000 2827 bello
1023 2782 1172 2827 virtus
1196 2789 1330 2843 atque
1354 2796 1491 2842 opera
1512 2780 1691 2826 enituit.

236 2846 410 2892 Consul
455 2849 609 2908 copias
654 2854 814 2891 contra
847 2846 1029 2892 hostem
1076 2846 1254 2900 educit3
1288 2861 1428 2907 parvo
1452 2845 1694 2892 dirimente

234 2910 469 2957 intervallo
492 2920 640 2957 castra
660 2911 806 2971 ponit.
