1897 3287
594 224 765 259 LIBER‘
784 230 866 259 111.
894 228 938 259 c.
966 230 1086 261 va.
1473 217 1563 265 275

118 341 333 397 nutricis,
374 341 511 387 fidem
556 340 804 394 Quiritium
855 341 1154 402 implorantis,
1202 342 1255 386 fit
1304 357 1564 388 concursus.

118 406 313 468 Virginii
333 405 476 467 patris
499 405 743 476 sponsique
777 405 894 449 Icilii
925 405 1143 466 populare
1175 421 1342 450 nomen
1374 406 1567 452 celebra-

119 471 229 516 tur².
297 470 445 515 Notos
468 469 627 549 gratia·
630 469 819 523 eorum3,
845 470 1026 514 turbam
1042 468 1290 529 indignitas
1307 470 1370 514 rei
1386 471 1563 531 virgini,

119 533 341 579 conciliat.
410 533 556 579 Jam
541 550 566 578 a
586 534 630 579 11
653 540 754 578 tuta
776 540 884 588 erat,
922 549 1063 594 quum
1097 540 1293 578 assertm
1314 534 1429 578 nihil
1452 551 1566 596 opus

119 613 216 643 esse
237 597 532 643 multitudine
565 597 788 642 concitata
820 598 898 651 ait,-
935 613 982 642 se
1010 597 1111 658 J'ure
1145 597 1353 658 grassari,
1390 614 1483 642 non
1505 599 1565 643 11.

118 662 263 707 Vocat
283 661 509 723 puellam
497 678 546 706 111
562 661 653 723 jus,
680 662 951 715 auctoribus,
989 661 1066 723 qui
1089 661 1304 714 aderant4,
1338 668 1391 705 ut
1414 677 1568 722 seque-

117 732 255 772 retur.
323 726 400 772 Ad
421 726 620 771 tribunal
642 726 783 787 Appii
798 733 1065 786 perventum
1083 732 1166 771 est.
1236 725 1406 770 Notam
1424 725 1567 786 judici

82 819 88 824 -
117 790 317 836 fabulam
338 791 520 852 petitor,
546 790 713 852 quippe
735 791 858 851 apud
877 791 1030 851 ipsum
1047 796 1276 835 auctorem
1294 791 1562 850 argumenti,

116 855 319 916 peragit:
360 861 392 880 “
410 855 627 909 Puellam,
666 855 788 900 domi
822 871 917 900 suae
950 861 1118 908 natam,
1156 854 1368 926 furtoque
1389 854 1497 900 inde
1519 855 1567 899 111

110 919 353 965 '“domum
385 920 581 980 Virginii
610 919 889 973 translatam,
929 920 1212 980 suppositam
1243 918 1283 963 ei
1306 919 1440 964 esse⁵.
1510 919 1568 964 Id

121 989 214 1029 “se
235 984 402 1030 indicio
437 990 720 1045 compertum
753 983 924 1037 afferre,
959 984 1345 1056 probaturumque
1367 984 1478 1028 161
1466 1000 1566 1056 ipso

123 1048 372 1109 “Virginio
410 1048 576 1110 judice,
627 1048 685 1093 ad
729 1064 859 1110 quem
899 1048 1045 1109 major
1081 1063 1186 1120 pars
1225 1047 1424 1109 injuriae⁶
1469 1049 1565 1109 ejus

123 1113 407 1173 “pertineat
476 1113 667 1158 Interim
703 1112 938 1157 dominum
973 1113 1100 1184 sequi
1133 1112 1356 1166 ancillam,
1383 1129 1564 1173 aequum

122 1181 152 1200 “
170 1177 314 1222 esse.''
383 1176 625 1222 Advocats‘
657 1176 837 1237 puellae,
863 1192 1003 1238 quum
1025 1176 1283 1237 Wirginium
1306 1177 1565 1237 reipublicae

117 1242 252 1286 causa
284 1240 504 1286 dixissent
534 1241 703 1294 abesse,
740 1240 879 1285 biduo
913 1240 1191 1293 adfuturum,
1231 1241 1267 1284 si
1300 1241 1566 1286 nunciatum

118 1305 159 1350 ei
183 1305 254 1359 sit,
291 1305 498 1367 iniquum
528 1321 625 1350 esse
658 1305 890 1349 absentem
921 1304 976 1349 de
998 1304 1150 1349 liberis
1180 1304 1426 1358 dimicaress,
1462 1321 1565 1366 pos-

117 1368 277 1423 tulant,
315 1376 368 1414 ut
404 1385 500 1414 rem
538 1369 762 1429 integram
800 1369 849 1414 in
886 1368 1030 1429 patris
1064 1368 1308 1413 adventum
1354 1369 1562 1423 differat3

116 1433 214 1493 lege
252 1433 308 1478 ab
345 1433 445 1494 ipso
482 1432 592 1478 lata⁹
631 1433 848 1478 vindicias
885 1433 961 1478 det
1001 1432 1250 1478 secundum
1278 1432 1562 1487 libertatemg

116 1513 205 1542 neu
254 1497 456 1558 patiatur
509 1497 730 1558 virginem
781 1497 984 1542 adultam
1041 1496 1177 1542 famae
1227 1495 1370 1558 prius,
1432 1501 1565 1558 quam

115 1561 350 1616 libertatis,
386 1561 637 1622 periculum
661 1561 798 1607 adire.

180 1626 325 1671 XLV.
367 1626 548 1687 Appius
593 1625 771 1671 decreto
814 1625 1083 1686 praefatusw,
1143 1628 1324 1687 “quam
1368 1625 1569 1670 libertati

121 1689 341 1745 “faverit,
391 1706 490 1735 eam
524 1690 672 1751 ipsam
714 1690 861 1751 legem
904 1690 1141 1744 declarare,
1194 1706 1329 1750 quam
1372 1690 1568 1750 Virginii

122 1754 301 1799 “amici
333 1754 628 1814 postulationi
663 1770 757 1799 suae
790 1754 1093 1815 praetendant.
1164 1753 1379 1799 Ceterum
1417 1754 1482 1798 ita
1519 1754 1566 1798 in

122 1823 154 1842 “
170 1820 220 1864 ea
240 1819 424 1864 firmum
445 1818 643 1863 libertati
664 1818 759 1863 fore
789 1818 1070 1879 praesidium,
1109 1818 1146 1863 si
1179 1835 1262 1863 nec
1286 1818 1446 1872 causis,
1483 1834 1567 1863 1166

121 1889 153 1907 “
168 1882 390 1943 personis,
415 1883 570 1928 variet.
630 1883 687 1927 In
708 1882 781 1927 his
805 1883 938 1936 enim,
967 1899 1069 1943 quae
1092 1890 1352 1927 asserantur
1365 1899 1414 1927 111
1434 1883 1566 1927 liber-

120 1953 321 2001 “tatem,
358 1947 463 2008 quia
484 1946 630 2019 (1111115
652 1947 750 2007 lege
773 1963 903 2007 agere
925 1947 1084 2007 possit,
1121 1947 1170 1992 id
1197 1947 1314 2008 juris
1354 1963 1483 2001 esse;
1519 1947 1567 1991 in

121 2017 153 2036 “
169 2012 232 2066 ea,
271 2027 373 2073 quae
393 2011 443 2056 in
463 2011 607 2073 patris
628 2027 768 2056 manu
791 2012 863 2065 sit,
899 2012 1127 2056 neminem
1161 2027 1282 2056 essse
1305 2011 1458 2066 alium,
1496 2012 1568 2056 6111

121 2075 378 2121 “dominus
419 2075 704 2148 possessione
749 2075 893 2121 cedat.
969 2076 1151 2121 Placere
1195 2076 1346 2137 itaque
1389 2082 1566 2137 patrem

123 2146 153 2165 “
171 2140 350 2186 arcessi.
432 2142 614 2186 Interea
643 2139 760 2202 juris
800 2140 870 2185 sui
901 2140 1127 2201 jacturam
1171 2150 1441 2185 assertorem
1475 2156 1568 2185 non

120 2211 153 2229 “
168 2205 326 2259 facere,
353 2205 463 2266 quin
485 2204 622 2250 ducat
642 2204 852 2266 puellam,
891 2204 1228 2265 sistendamque
1250 2205 1299 2249 in
1322 2205 1566 2250 adventum

121 2275 152 2294 “
169 2269 279 2331 ejus,
307 2270 384 2331 qui
399 2275 530 2331 pater
545 2269 733 2323 dicatur,
758 2269 1046 2331 promittat.''
1105 2268 1338 2314 Adversus
1354 2269 1567 2330 injuriam

117 2333 286 2379 decreti
329 2350 470 2395 quum
508 2334 643 2379 multi
675 2334 821 2394 magis
855 2333 1113 2388 fremerent,
1159 2336 1292 2394 quam
1329 2334 1567 2395 quisquam

116 2413 236 2443 unus
257 2414 461 2444 recusare
478 2399 678 2452 auderet,
704 2398 757 2444 P.
784 2398 1086 2452 Numitorius,
1112 2398 1278 2459 puellae
1301 2397 1562 2451 avunculus,

117 2468 164 2507 et
197 2478 391 2523 sponsus
427 2463 595 2517 Icilius,
632 2462 969 2516 interveniunt3
1008 2462 1198 2524 dataque
1231 2462 1351 2507 inter
1385 2462 1567 2507 turbam

117 2525 200 2580 via,
238 2542 378 2588 quum
400 2526 661 2581 multitudo,
700 2526 818 2572 Icilii
843 2527 1042 2571 maxime
1074 2526 1376 2581 interventuss,
1414 2526 1567 2571 resisti

117 2606 252 2651 posse
282 2591 437 2652 Appio
470 2591 683 2645 crederet,
719 2591 852 2637 lictor
887 2591 1170 2636 “decresse’'
1209 2591 1286 2644 ait,
1321 2590 1567 2636 vociferan-

117 2661 300 2716 temque
323 2655 502 2700 Icilium
520 2656 771 2701 submovet.
840 2655 1075 2701 Placidum
1100 2655 1310 2717 quoque12
1332 2654 1565 2715 ingenium

50 2757 55 2761 .
118 2725 214 2764 tam
247 2725 376 2764 atrox
406 2719 573 2781 injuria
604 2720 898 2766 accendisset.
979 2726 1008 2744 ‘⁶
1024 2720 1159 2765 Ferro
1193 2720 1300 2764 hinc
1343 2719 1428 2764 tibi
1462 2720 1566 2763 sub-

123 2787 154 2807 “
169 2782 421 2828 movendus
455 2799 572 2838 sum,
613 2785 785 2845 Appi,’'
824 2783 952 2846 inqui
969 2820 986 2838 .,
1029 2790 1059 2808 “
1074 2791 1127 2829 ut
1160 2783 1350 2828 tacitum
1393 2783 1562 2837 feras¹³,

125 2851 156 2871 “
172 2845 295 2908 quod
326 2846 459 2892 celari
490 2848 574 2893 vis.
648 2848 884 2909 Virginem
917 2864 999 2909 ego
1032 2848 1150 2893 hanc
1184 2864 1285 2891 sum
1330 2847 1563 2902 ducturus,

124 2915 361 2972 “nuptam
379 2910 683 2974 pudicamque
713 2912 969 2959 habiturus.
1038 2911 1234 2958 Proinde
1257 2927 1414 2957 omnes
1435 2912 1566 2958 collo-
