1897 3287
288 238 382 285 242
898 248 946 280 T.
984 247 1141 280 mvn.

285 364 435 413 valida
469 363 665 419 civitate,
705 369 759 409 ut
791 378 886 409 non
921 363 1068 409 solum
1102 378 1253 409 arcere
1291 362 1476 416 bellum,
1516 361 1596 408 sed
1633 356 1755 408 ultr'b

288 431 428 478 etiam
457 430 638 484 inferre,
674 435 846 491 posset.
917 428 1067 489 Igitur
1099 428 1422 473 nunciantibus
1454 426 1672 472 Hernicis
1703 426 1754 473 in

285 496 402 542 fines
427 512 534 542 suos
556 493 892 541 transcendisse
924 492 1097 546 hosteS,
1124 493 1319 554 impigre
1342 493 1622 554 promissum
1645 507 1754 537 aux-

284 561 446 615 ilium3
474 560 564 606 duo
587 559 845 605 consulares
869 557 1093 603 exercitus
1118 558 1290 618 scripti.
1349 558 1566 603 Veturius
1583 555 1754 602 missus

284 625 336 672 in
373 625 565 671 Volscos
601 623 660 669 ad
697 622 867 668 bellum
905 621 1026 666 ultro
1063 620 1366 667 inferendum.
1435 621 1750 683 Tricipitinus,

285 689 661 752 populationibus
701 686 907 732 arcendis
948 686 1170 731 sociorum
1213 703 1320 748 agro
1359 688 1612 748 oppositus,
1659 702 1751 732 non

285 755 420 809 ultra,
470 757 606 816 quam
648 753 697 797 in
743 751 984 805 HerniCOS,
1033 750 1254 812 procedit.
1338 751 1558 796 Veturius
1602 750 1753 812 primo

278 816 449 881 proelio
494 818 651 863 hostes
695 816 849 861 fundit
892 816 1127 877 fugatque.
1219 815 1500 870 Lucretium,
1549 815 1660 861 dum
1703 815 1754 861 in

286 883 501 929 Hernicis
538 882 678 935 sedet,
714 881 988 943 praedonum
1011 896 1175 941 agmen
1201 880 1374 935 fefellit,
1413 897 1551 942 supra
1571 887 1752 928 montes

286 947 596 994 Praenestinos
621 946 824 999 ductum,
856 945 963 991 inde
987 945 1237 990 demissum
1260 945 1308 990 in
1331 962 1533 1007 campos.
1590 946 1754 992 Vasta-

284 1015 389 1059 vere
429 1028 561 1074 agros
609 1011 948 1057 Praenestinum
990 1010 1340 1072 Gabinumque3
1389 1027 1444 1056 ex
1485 1010 1664 1056 Gabino
1702 1011 1751 1057 in

285 1077 570 1123 Tusculanos
604 1077 769 1121 flexere
803 1075 955 1121 colles.
1027 1075 1144 1120 Urbi
1178 1091 1357 1136 quoque
1392 1075 1555 1121 Romae
1588 1075 1751 1137 ingens

286 1142 508 1204 praebitus
547 1148 708 1195 terror,
749 1141 896 1202 magis
935 1140 985 1185 in
1023 1156 1072 1185 re
1111 1139 1314 1194 subitaffl,
1358 1142 1494 1202 quam
1534 1140 1656 1202 quod
1693 1141 1753 1187 ad

286 1207 528 1253 arcendam
549 1206 643 1252 vim
676 1208 839 1268 parum
861 1205 1027 1250 virium
1051 1212 1185 1250 esset.
1258 1205 1315 1259 Q.
1354 1205 1522 1251 Fabius
1555 1213 1753 1266 praeerat

284 1272 405 1318 urbi.
475 1272 539 1327 Is,
565 1273 737 1317 armata
753 1270 1007 1332 juventute,
1036 1269 1360 1331 dispositisque
1382 1270 1625 1332 praesidiiS,
1651 1277 1754 1317 tuta

286 1337 440 1384 omnia
479 1352 530 1382 ac
574 1335 820 1398 tranquilla
864 1335 987 1381 fecit.
1070 1335 1233 1396 Itaque
1276 1334 1450 1390 hostes,
1496 1335 1654 1397 praeda
1697 1352 1753 1384 ex

283 1401 506 1465 proximis
528 1401 640 1447 locis
663 1402 808 1463 rapta,
834 1398 1201 1462 appropinquare
1221 1400 1325 1445 urbi
1346 1416 1439 1446 non
1462 1400 1575 1455 ausi,
1609 1416 1751 1463 quum

286 1467 561 1514 circumacto
604 1467 785 1528 agmine
828 1465 1042 1519 redirent,
1091 1472 1262 1526 quanto
1312 1464 1494 1526 longius
1539 1466 1595 1511 ab
1640 1466 1754 1512 urbe

285 1532 492 1578 hostium
531 1531 840 1585 abscederent,
889 1546 942 1576 eo
982 1529 1197 1575 solutiore
1243 1532 1349 1575 cura
1390 1530 1440 1575 in
1485 1530 1752 1577 Lucretium

284 1597 496 1644 incidunt
528 1596 777 1650 consulem,
808 1595 907 1657 jam
930 1601 1035 1640 ante
1059 1594 1304 1656 exploratis
1314 1593 1353 1620 ⁵²
1375 1594 1615 1641 itineribus
1639 1595 1750 1651 suis,

284 1662 562 1708 instructum
586 1668 631 1707 et
654 1660 713 1706 ad
735 1666 965 1706 certamen
985 1659 1233 1707 intentum.
1292 1659 1456 1721 Igitur,
1481 1661 1754 1722 praeparatis

286 1726 466 1782 animis,
522 1726 762 1788 repentino
815 1741 983 1788 pavore
1032 1724 1266 1787 perculsos
1310 1723 1473 1779 adorti,
1520 1725 1753 1786 aliquanto

283 1791 521 1854 pauciores
543 1790 889 1837 multitudinem
910 1790 1147 1852 ingentem
1169 1789 1371 1835 fundunt
1393 1788 1673 1852 fugantque3
1708 1797 1754 1836 et

285 1856 547 1920 compulsos
569 1855 620 1902 in
642 1872 774 1902 cavas
796 1855 949 1910 valles,
989 1871 1131 1917 quum
1164 1854 1313 1901 exitus
1346 1854 1473 1900 haud
1504 1855 1554 1900 in
1586 1855 1709 1903 facili
1718 1854 1756 1881 ⁵³

286 1930 421 1978 esset,
445 1921 822 1968 circumveniunt.
875 1920 950 1966 Ibi
966 1919 1187 1966 Volscum
1204 1935 1373 1965 nomen
1389 1922 1533 1982 prope
1552 1920 1753 1966 deletum

286 1993 385 2043 est3
421 1986 641 2034 tredecim
673 1985 819 2032 millia
841 1984 1198 2047 quadringentos
1223 1984 1515 2046 septuaginta
1537 1985 1754 2031 cecidisse

283 2053 336 2099 in
358 2052 453 2099 acie
476 2068 528 2098 ac
550 2051 672 2113 fuga,
697 2051 824 2098 mille
847 2050 1068 2096 ducentos
1091 2049 1423 2112 quinquaginta
1436 2049 1561 2095 vivos
1577 2057 1751 2112 captos,

287 2117 419 2180 signa
459 2116 625 2179 viginti
669 2122 846 2177 septem
889 2114 1108 2160 militaria
1160 2114 1315 2168 relata,
1373 2114 1424 2159 in
1477 2114 1754 2176 quibusdam

288 2181 528 2229 annalibus
549 2181 761 2236 inveni03
796 2179 878 2226 ubi
901 2180 988 2226 etsi
1010 2179 1239 2241 adjectum
1263 2179 1435 2240 aliquid
1460 2195 1652 2227 numero
1676 2179 1749 2234 sit,

285 2263 455 2309 magna
476 2250 598 2293 certe
631 2245 780 2292 caedes
812 2245 917 2291 fuit.
985 2244 1145 2290 Victor
1179 2244 1352 2298 consul,
1389 2243 1565 2306 ingenti
1596 2243 1754 2306 praeda

284 2313 476 2374 potitus,
514 2311 673 2358 eadem
705 2311 755 2356 in
789 2311 955 2356 stativa
985 2309 1139 2355 rediit.
1206 2309 1328 2354 Tum
1363 2308 1571 2354 consules
1605 2315 1754 2355 castra

287 2377 603 2439 conjungunt3
646 2382 692 2422 et
729 2372 887 2421 Volsci
925 2374 1154 2436 AEquique
1190 2373 1380 2419 afflictas
1413 2373 1531 2418 vires
1566 2389 1671 2418 suas
1704 2373 1754 2418 in

285 2458 432 2487 unum
476 2440 724 2487 contulere.
808 2439 966 2485 Tertia
1006 2439 1086 2484 illa
1127 2437 1331 2501 pugna⁵⁴
1374 2453 1426 2483 eo
1470 2453 1589 2483 anno
1633 2437 1749 2492 fuit3

287 2505 447 2553 eadem
484 2505 671 2551 fortuna
705 2504 943 2551 victoriam
983 2502 1138 2559 dedit;
1185 2502 1301 2548 fusis
1344 2501 1571 2557 hostibus,
1614 2502 1753 2549 etiam

286 2578 437 2617 castra
457 2577 606 2631 capta.
1298 2576 1313 2594 ⁸

350 2634 440 2681 IX.
478 2635 553 2681 Sic
573 2650 646 2680 res
681 2633 891 2679 Romana
923 2632 974 2678 in
1008 2631 1250 2694 antiquum
1285 2637 1456 2677 statum
1485 2631 1649 2687 rediit3
1686 2647 1755 2678 se-

285 2699 540 2762 cundaeque
559 2698 669 2746 belli
687 2714 760 2744 res
782 2696 1011 2759 extemplo
1030 2697 1231 2742 urbanos
1251 2703 1407 2742 motus
1429 2697 1753 2744 excitaverunt.

287 2765 343 2811 C.
378 2764 656 2812 Terentillus
689 2762 810 2809 Arsa
841 2762 1054 2808 tribunus
1087 2761 1236 2823 plebis
1270 2775 1323 2807 eo
1358 2777 1479 2808 anno
1509 2761 1616 2808 fuit.
1685 2761 1749 2815 Is,

287 2829 552 2876 consulibus
573 2827 852 2882 absentibus,
877 2833 1005 2872 ratus
1038 2824 1190 2872 locum
1220 2825 1476 2873 tribuniciis
1498 2824 1754 2874 actiom'bus

286 2893 462 2950 datum,
493 2909 577 2957 per
611 2892 785 2955 aliquot
819 2890 917 2938 dies
956 2890 1147 2936 Patrum
1183 2891 1446 2954 superbi-am
1479 2891 1540 2939 ad
1571 2889 1752 2954 plebem

287 2957 570 3017 criminatus,
614 2957 815 3007 maxime
855 2955 906 3004 in
949 2955 1186 3004 consulare
1228 2956 1487 3020 imperium,
1532 2962 1752 3020 tanquam
