1897 3287
594 207 759 238 Lmen
792 206 877 238 111.
916 205 960 237 c.
999 206 1121 239 va.
1491 194 1580 241 295

131 337 309 376 manus,
343 334 518 366 memor
545 319 771 365 libertatis
793 334 875 381 per
895 318 997 364 illos
1023 324 1218 380 receptae
1241 318 1379 375 domi,
1409 335 1584 367 memor

130 386 308 431 militiae
350 399 592 445 rerumque
634 389 880 445 gestarum,
938 382 1146 428 consules
1189 383 1353 429 iterum
1398 383 1579 441 faceret,

129 449 346 510 quidnam
378 448 544 494 facturi
566 454 731 502 essent,
767 447 884 493 nihil
918 447 1157 493 sententiae
1191 463 1288 492 suae
1310 450 1582 504 mutassent,

128 511 395 559 collaudatis
429 512 721 567 consulibus&
762 511 883 574 quod
913 516 1252 573 perseverarent
1285 511 1343 557 ad
1368 511 1583 559 ultimum

129 577 373 622 dissimiles
396 576 753 622 decemvirorum
775 592 887 630 esse,
925 575 1110 621 comitia
1140 574 1331 629 habuit;
1369 582 1427 631 et,
1454 576 1583 638 quin-

126 656 215 703 que
250 640 446 701 tribunis
483 640 630 702 plebis
668 640 845 695 creatis,
895 656 1051 701 quum,
1094 656 1192 702 prae
1228 638 1393 685 studiis
1428 643 1584 702 aperte

127 705 382 766 petentium
420 720 583 751 novem
617 705 919 759 tribunorum,
957 704 1033 751 alii
1065 703 1294 750 candidati
1322 703 1469 749 tribus
1491 720 1581 751 non

127 769 396 830 explerent&
449 769 691 816 concilium
735 769 924 824 dimisit,
959 784 1044 815 nec
1087 768 1250 814 deinde
1294 768 1582 815 comitiorum

126 836 262 879 causa
298 833 476 880 habuit.
546 833 840 880 Satisfactum
877 832 986 894 legi‘⁵
1030 832 1190 888 aiebat,
1233 849 1350 894 quae,
1392 848 1582 880 numero

126 898 353 960 nusquam
390 898 619 960 praefinito
657 897 868 953 tribunis,
920 897 1058 943 modo
1094 903 1147 943 ut
1184 897 1578 959 relinquerentur⁷‚

129 963 338 1019 sanciret,
375 970 420 1009 et
453 963 510 1009 ab
543 962 614 1018 iis,
651 961 731 1024 qui
767 962 907 1008 creati
946 967 1112 1017 essent,
1153 961 1355 1023 cooptari
1389 961 1582 1024 collegas

120 1026 318 1088 juberet.
408 1027 736 1089 Recitabatque
792 1026 1040 1089 rogationis
1096 1024 1313 1082 carmen⁸‚
1369 1025 1418 1072 in
1474 1042 1578 1088 quo,

131 1097 162 1116 “
180 1091 229 1138 Si
259 1091 467 1137 tribunos
499 1091 834 1153 plebei.decem
873 1089 1077 1152 rogabo9,
1116 1090 1155 1135 si
1193 1091 1270 1152 qui
1311 1106 1392 1136 vos
1428 1091 1582 1137 minus

129 1156 314 1202 “hodie
349 1155 505 1202 decem
542 1156 751 1202 tribunos
788 1156 938 1218 plebei
973 1154 1222 1209 feceritis¹⁰,
1267 1154 1319 1200 hi
1356 1160 1457 1201 tum
1494 1155 1578 1210 uti,

130 1226 288 1283 “quos
324 1220 411 1266 sibi
445 1220 639 1282 collegas
677 1220 971 1282 cooptassint,
1012 1225 1067 1265 ut
1098 1219 1166 1264 illi
1196 1218 1390 1280 legitimi
1425 1219 1582 1266 eadem

129 1290 162 1311 “
178 1285 277 1346 lege
298 1285 471 1331 tribuni
502 1284 650 1346 plebei
682 1284 787 1340 sint,
824 1291 877 1330 ut
909 1284 989 1339 illi,
1026 1283 1171 1344 quosu
1203 1283 1340 1329 hodie
1372 1283 1581 1331 tribunos

130 1349 323 1411 “plebei
365 1348 612 1396 feceritis.”
697 1348 896 1403 Duilius,
946 1363 1089 1411 quum
1126 1347 1185 1393 ad
1221 1347 1436 1394 ultimum
1477 1364 1579 1410 per-

126 1416 386 1469 severasset,
438 1413 648 1475 negando
692 1413 951 1476 quindecim
993 1411 1236 1458 tribunos¹²
1280 1411 1429 1474 plebei
1465 1428 1581 1459 rem-

124 1477 354 1539 publicam
397 1477 564 1524 habere
607 1493 756 1539 posse,
813 1478 933 1524 victa
984 1476 1258 1539 collegarum
1315 1476 1577 1537 cupidita-te,

123 1542 293 1603 pariter
316 1542 529 1588 Patribus
544 1542 755 1604 plebique
778 1547 1005 1603 acceptus,
1040 1541 1313 1604 magistratu
1334 1540 1461 1587 abiit.

189 1607 337 1653 LXV.
373 1606 494 1652 Novi
515 1607 689 1652 tribuni
720 1606 867 1669 plebis
899 1606 950 1652 in
982 1605 1249 1668 cooptandis
1284 1605 1466 1667 collegis
1497 1606 1581 1652 Pa-

124 1676 247 1717 trum
283 1671 562 1716 voluntatem
600 1670 825 1717 foverimt.
894 1671 1023 1717 Duos
1058 1670 1195 1716 etiam
1227 1670 1442 1731 patricios
1477 1686 1581 1717 con-

124 1735 397 1797 sularesque,
436 1735 516 1797 Sp.
552 1735 798 1797 Tarpeium
831 1741 876 1781 et
913 1735 967 1780 A.
997 1733 1259 1790 Ateriumffi,
1297 1737 1579 1796 cooptavere.

124 1798 349 1845 Consules
393 1799 544 1854 creati,
584 1799 691 1845 Lar.
733 1799 1016 1854 Herminius,
1070 1799 1125 1844 T.
1167 1798 1403 1860 Virginius
1448 1799 1582 1846 Caeli-

124 1863 419 1910 montanus¹⁴.
500 1863 634 1910 Nihil
666 1880 941 1926 magnopere
977 1863 1036 1909 ad
1074 1863 1264 1909 Patrum
1307 1870 1386 1909 aut
1435 1864 1581 1926 plebis

124 1943 308 1974 causam
351 1927 570 1983 inclinati,
621 1929 766 1975 otium
810 1928 935 1974 domi
979 1944 1031 1974 ac
1073 1928 1185 1974 foris
1228 1927 1445 1975 habuere.
1522 1929 1576 1974 L.

122 1991 394 2048 Trebonius,
447 1993 659 2040 tribunus
713 1993 873 2055 plebis,
926 1992 1121 2039 infestus
1176 1992 1403 2048 Patribus,
1461 1993 1581 2055 quod

123 2071 173 2104 se
211 2056 268 2103 ab
306 2056 363 2103 iis
397 2056 446 2103 in
481 2057 748 2120 cooptandis
791 2057 988 2104 tribunis
1030 2056 1189 2103 fraude
1228 2063 1427 2120 captum,
1476 2074 1579 2120 pro-

122 2121 274 2167 ditum
316 2122 344 2167 ὲ
377 2121 576 2184 collegis,
624 2122 785 2177 aiebat,
838 2122 1121 2185 rogationem
1165 2122 1286 2177 tulit,
1341 2128 1371 2148 “
1387 2128 1453 2178 ut,
1502 2123 1580 2185 qui

126 2185 356 2248 “plebem
391 2186 648 2232 Romanam
686 2188 894 2233 tribunos
931 2187 1054 2249 plebi
1091 2186 1321 2248 rogaret1⁵‚
1357 2187 1397 2233 is
1435 2203 1579 2249 usque

124 2254 159 2276 “
178 2249 231 2297 εὸ
262 2255 457 2312 rogaret,
494 2251 606 2297 dum
639 2251 796 2297 decem
834 2251 1043 2297 tribunos
1078 2251 1202 2313 plebi
1236 2250 1404 2297 faceret
1425 2252 1470 2305 ;”
1512 2252 1580 2298 in-

122 2313 440 2377 sectandisque
474 2314 701 2371 Patribus,
738 2316 859 2362 unde
893 2315 1071 2378 Aspero
1105 2315 1242 2362 etiam
1273 2315 1472 2362 inditum
1512 2323 1581 2362 est

121 2394 390 2442 cognomen,
440 2379 724 2428 tribunatum
774 2379 965 2443 gessitffi.
1060 2379 1176 2426 Inde
1225 2379 1295 2427 M.
1350 2381 1581 2442 Geganius

122 2442 387 2490 Macerinus
425 2450 472 2490 et
511 2443 566 2491 C.
609 2445 775 2500 Julius,
829 2445 1037 2491 consules
1074 2444 1199 2500 facti,
1249 2444 1467 2491 coitiones
1502 2446 1581 2491 tri-

121 2506 351 2554 bunorum
391 2507 608 2555 adversus
640 2510 863 2555 nobiliim
890 2509 1178 2571 juventutem
1213 2515 1350 2565 ortas,
1388 2509 1484 2556 sine
1512 2510 1580 2556 in-

123 2571 373 2619 sectatione
388 2573 631 2635 potestatis
654 2573 803 2636 ejusff,
830 2575 1092 2620 conservata
1111 2573 1349 2636 majestate
1373 2573 1577 2629 Patrum,

123 2635 368 2692 sedavere3
424 2637 619 2699 plebem,
679 2638 857 2684 demeto
907 2638 966 2684 ad
1009 2638 1178 2684 bellum
1222 2638 1490 2684 Volscorum
1536 2645 1581 2684 et

123 2700 380 2781 AEquorum
423 2701 614 2758 delectu,
666 2703 933 2749 sustinendo
977 2702 1123 2758 remlg,
1180 2701 1237 2748 ab
1281 2702 1580 2749 seditionibus

121 2764 402 2821 continuere,
455 2767 674 2814 “urbano
719 2783 896 2829 quoque
939 2767 1070 2813 otio¹⁹
1109 2738 1223 2812 ’foriS
1266 2766 1422 2812 omnia
1458 2773 1581 2814 tran-

123 2827 313 2891 “quilla
346 2830 475 2876 esse”
515 2831 824 2886 affirmantes3
865 2837 990 2893 “per
1029 2830 1276 2877 discordias
1315 2831 1467 2877 civiles
1506 2847 1580 2878 ex-

122 2897 160 2920 ‘
172 2894 366 2941 temosw
428 2894 584 2941 tollere
641 2896 849 2942 animos.²
966 2895 1088 2942 Cura
1145 2894 1270 2957 pacis
1327 2895 1579 2943 concordiae
