1897 3287
220 153 313 201 246
829 163 878 197 Τ.
914 162 1072 197 mvn.

220 281 340 336 bem,
381 278 591 326 tribunos
628 277 753 324 velut
798 276 926 339 justo
977 274 1190 339 persequi
1231 274 1367 322 bello.
1434 272 1685 322 Accusator

219 345 318 408 pati
350 360 480 390 reum
514 358 658 397 ruere,
683 341 958 405 invidiaeque
992 343 1226 387 flammam
1260 356 1311 386 ac
1342 339 1583 386 materiam
1606 339 1694 387 cri-

219 409 423 456 minibus
460 406 596 454 ειιιε89
637 422 908 468 suggerere·
897 442 909 460 ‚
957 406 1106 468 legem
1143 405 1342 459 interim,
1368 420 1463 450 non
1497 410 1595 450 tam
1631 403 1688 450 ad

226 490 356 536 spem
377 471 648 535 perferendi,
676 487 812 533 quam
844 470 904 516 ad
936 468 1248 516 lacessendam
1271 469 1488 515 Kaesonis
1512 468 1691 515 temeri-

226 545 384 592 tatem,
410 537 542 583 ferre.
612 535 686 581 Ibi
707 535 868 589 multa,
897 550 1019 596 saepe
1043 534 1100 579 ab
1130 533 1414 595 juventute9⁰
1436 533 1695 579 inconsulte

227 603 351 650 dicta
393 602 617 663 factaque,
663 600 713 645 in
750 599 888 644 unius
928 597 1145 644 Kaesonis
1182 605 1446 660 suspectum
1485 597 1696 644 incidunt

225 667 495 730 ingenium,
548 672 703 710 tamen
739 663 831 724 legi
868 662 1182 708 resistebatur.
1264 663 1327 708 Et
1361 662 1422 709 A.
1460 661 1698 724 Virginius

227 731 479 778 identidem
524 729 679 791 plebi:
727 733 758 753 “
780 727 959 789 Ecquid
996 727 1176 773 sentitis
1210 726 1308 788 jam
1341 743 1436 782 vos,
1477 727 1695 782 Quirites,

233 802 266 822 “
289 797 540 842 Kaesonem
565 792 702 838 simul
736 791 879 837 civem
904 798 949 838 et
969 791 1133 854 legem,
1161 807 1299 853 quam
1323 791 1505 853 cupitis,
1531 791 1700 837 habere

235 866 266 887 “
288 876 381 906 non
403 874 564 922 posse.
552 856 570 891 7
629 857 903 919 Quanquam
927 857 1039 919 quid
1061 872 1143 918 ego
1166 855 1315 918 legem
1336 854 1533 918 loquor?
1567 856 1703 902 liber-

236 931 267 951 “
289 925 375 971 tati
420 924 586 977 obstat,
634 938 793 967 omnes
847 922 1122 984 Tarquinios
1177 921 1388 983 superbia
1443 929 1700 982 exsuperat.

237 995 268 1016 “
291 989 579 1050 Exspectate,
607 986 718 1032 dum
742 986 900 1032 consul
923 995 1002 1032 aut
1026 987 1222 1032 dictator
1252 987 1348 1041 fiat,
1386 1002 1522 1048 quem
1556 985 1704 1047 priva—

239 1060 269 1080 “
290 1060 391 1099 tum
413 1052 587 1097 viribus
610 1058 655 1096 et
678 1050 865 1096 audacia
886 1059 1154 1113 regnantem
1185 1050 1401 1096 videtis.’'
1471 1050 1707 1095 Assentie-

233 1119 403 1164 bantur
423 1116 571 1170 multi,
598 1115 806 1177 pulsatos
831 1132 877 1161 se
903 1125 1156 1177 querentes,
1185 1122 1230 1161 et
1252 1115 1490 1161 tribunum
1514 1114 1572 1160 ad
1610 1130 1707 1160 rem

234 1181 542 1246 peragendam
563 1180 685 1225 ultro
705 1179 973 1225 incitabant.

302 1247 419 1293 XII.
469 1246 576 1292 Jam
623 1244 778 1290 aderat
818 1244 991 1305 judicio
1037 1244 1147 1299 djes,
1197 1244 1534 1306 apparebatque
1573 1243 1710 1304 vulgo

237 1311 450 1358 homines
472 1310 522 1355 in
541 1309 833 1354 damnatione
858 1310 1075 1354 Kaesonis
1097 1309 1358 1355 libertatem
1376 1308 1485 1369 agi9¹
1511 1308 1707 1354 credere.

239 1377 361 1423 Τιιιιι
385 1375 570 1421 demum
594 1380 777 1419 coactus
802 1389 906 1418 cum
940 1373 1084 1419 multa
1117 1373 1431 1434 indignitatem
1465 1373 1712 1435 prensabat

242 1439 477 1502 singulos3
504 1438 811 1500 sequebantur
833 1438 1089 1492 necessarii,
1116 1437 1346 1499 principes
1369 1438 1582 1483 civitatis.
1653 1438 1709 1482 T.

243 1504 487 1559 Quinctius
513 1502 816 1563 Capitolinus,
845 1503 922 1564 qui
946 1511 1014 1548 ter
1033 1502 1190 1548 consul
1215 1502 1379 1556 fuerat,
1407 1518 1548 1563 quum
1567 1502 1715 1547 multa

243 1569 432 1617 referret
469 1584 551 1614 sua
583 1567 860 1628 familiaeque
896 1566 1069 1621 decora,
1109 1567 1379 1620 affirmabat,
1422 1572 1452 1590 “
1471 1567 1632 1628 Neque
1665 1566 1714 1612 in

249 1639 282 1660 “
304 1632 520 1688 Quinctia
568 1639 718 1694 gente,
769 1647 916 1693 neque
959 1631 1008 1676 in
1053 1631 1235 1677 civitate
1279 1631 1488 1676 Romana
1536 1638 1721 1676 tantam.

250 1703 282 1725 “
303 1697 505 1743 indolem
563 1703 661 1742 tam
721 1703 917 1741 maturae
971 1695 1154 1740 virtutis
1209 1711 1412 1756 unquam
1469 1695 1713 1740 exstitisse.

250 1768 283 1790 “
308 1763 451 1808 Suum
473 1759 716 1823 primum⁹³
738 1761 932 1806 militem
955 1759 1097 1805 fuisse
1118 1780 1129 1814 ;
1168 1776 1215 1806 se
1240 1763 1364 1821 saepe
1386 1759 1568 1805 vidente
1602 1775 1717 1821 pug-

253 1833 285 1854 “
305 1830 438 1874 nasse
461 1826 510 1871 in
532 1824 762 1871 hostem.’'
836 1825 914 1887 Sp.
942 1825 1121 1879 Furius,
1154 1825 1394 1870 “missum
1417 1824 1473 1869 ab
1500 1823 1718 1878 Quinctio

253 1898 285 1920 “
310 1890 571 1952 Capitolino
596 1890 684 1935 sibi
707 1906 812 1936 eum
834 1890 883 1935 in
918 1889 1069 1935 dubiis
1105 1889 1198 1935 suis
1232 1889 1369 1939 rebus
1402 1888 1580 1934 venisse
1616 1888 1722 1934 sub-

254 1962 287 1983 “
310 1955 459 2010 sidio;
495 1954 727 2001 neminem
749 1971 893 1999 unum
918 1970 1029 2008 esse,
1069 1954 1200 2016 cujus
1234 1969 1385 2015 magis
1420 1955 1557 2015 opera
1587 1959 1723 2026 putet

256 2027 288 2048 “
308 2036 406 2067 rem
430 2019 747 2065 restitutam94.
751 2019 780 2038 '⁹
852 2019 908 2065 L.
934 2019 1193 2073 Lucretius,
1220 2018 1380 2068 consul
1403 2018 1511 2064 anni
1537 2018 1722 2080 prioris,

252 2084 425 2133 recenti
441 2084 584 2146 gloria
600 2084 768 2139 nitens,
790 2099 895 2129 suas
911 2083 1070 2129 laudes
1087 2083 1359 2145 participare
1378 2099 1484 2129 cum
1502 2083 1722 2141 Kaesone,

253 2165 509 2199 memorare
559 2164 754 2211 pugnas,
812 2148 978 2194 referre
1024 2148 1205 2211 egregia
1246 2148 1462 2202 facinora,
1509 2163 1633 2193 nunc
1677 2147 1727 2193 in

255 2213 639 2278 expeditionibus,
694 2229 818 2259 nunc
871 2213 921 2258 ιιι
969 2212 1094 2258 acie·
1085 2249 1095 2267 ,
1155 2211 1386 2259 suadere9⁵
1433 2218 1479 2258 et
1520 2227 1724 2266 monere,

261 2285 293 2306 “
315 2280 346 2327 J
348 2295 542 2325 uvenem
597 2278 845 2340 egregium,
892 2278 1170 2324 instructum
1214 2284 1394 2323 naturae
1437 2276 1727 2349 fortunaeque

262 2349 294 2372 “
316 2343 531 2390 omnibus
563 2343 713 2397 bonis,
737 2342 992 2388 maximum
1013 2348 1300 2388 momentum
1322 2357 1476 2387 rerum
1499 2340 1596 2402 ejus
1620 2340 1728 2386 civi-

262 2414 295 2436 “
310 2408 434 2463 tatis,
473 2407 524 2454 in
559 2423 876 2470 quamcunque
910 2407 1124 2461 venisset,
1165 2423 1314 2479 suum,
1349 2422 1485 2468 quam
1509 2404 1725 2461 alienum,

263 2479 297 2501 “
316 2473 507 2519 mallent
529 2472 673 2518 civem
697 2488 809 2518 esse.
881 2471 1018 2525 Quod
1041 2471 1276 2517 offendat
1264 2487 1313 2516 m
1336 2486 1402 2524 eo,
1434 2469 1658 2515 fervorem
1682 2475 1729 2515 et

265 2543 297 2564 “
320 2536 571 2591 audaciam,
609 2543 795 2582 aetatem
818 2536 1021 2597 quotidie
1044 2536 1252 2589 auferre3
1290 2533 1413 2596 quod
1446 2533 1730 2580 desideretur

267 2607 299 2629 “
322 2601 577 2656 consilium,
613 2601 663 2646 id
695 2601 743 2646 in
767 2600 863 2645 dies
887 2616 1102 2646 crescere.
1173 2597 1523 2645 Senescentibus
1545 2597 1727 2653 vitiis96,

267 2671 300 2693 “
320 2672 654 2712 maturescente
682 2664 866 2718 virtute,
905 2664 1105 2710 sinerent
1126 2670 1308 2708 tantum
1329 2661 1479 2708 virum
1503 2678 1660 2708 senem
1681 2661 1732 2708 in

271 2736 302 2756 “
323 2730 505 2776 civitate
547 2729 695 2776 fierif'
779 2729 916 2774 Pater
957 2728 1078 2774 inter
1119 2728 1207 2774 hos
1251 2728 1307 2773 L.
1350 2727 1610 2781 Quinctius,
1657 2726 1731 2772 cui

268 2794 541 2841 Cincinnato
585 2809 839 2855 cognomen
883 2799 991 2846 erat,
1051 2809 1145 2838 non
1186 2792 1395 2838 iterando
1449 2791 1622 2846 laudes,
1673 2806 1732 2836 ne

268 2859 521 2906 cumularet
541 2858 773 2913 invidiam,
802 2857 883 2904 sed
903 2857 1084 2903 veniam
1102 2857 1241 2902 errori
1258 2864 1394 2919 atque
1412 2854 1731 2903 adolescentiae
