1897 3287
318 220 380 270 20
935 232 981 266 T.
1021 228 1175 266 mvn.

318 351 528 400 omnium
563 348 739 413 spatiis,
778 348 875 396 dies
910 355 1231 412 congruerent.
1302 346 1435 395 Idem
1467 347 1674 394 nefastos
1698 341 1795 394 dies

317 418 553 481 fastosque
575 416 699 472 fecit,
726 415 833 480 quia
855 414 1100 480 aliquando
1122 413 1241 461 nihil
1263 429 1369 460 cum
1389 413 1563 477 populo
1586 412 1662 476 agi
1681 411 1796 459 utile

316 484 528 531 futurum
553 488 665 529 erat.

382 548 493 595 XX.
546 548 670 594 Tum
718 545 1033 593 sacerdotibus
1084 543 1292 593 creandis
1354 543 1562 590 animum
1610 541 1793 607 adjecit,

318 630 582 678 quanquam
617 612 717 676 ipse
750 612 952 675 plurima
985 627 1114 658 sacra
1146 610 1316 665 obibat,
1349 626 1403 656 ea
1435 609 1650 664 maxime,
1690 625 1795 671 quae

316 696 442 726 nunc
476 679 536 725 ad
569 678 754 725 Dialem
804 676 1087 723 flaminem²⁹
1127 675 1377 738 pertinent.
1463 674 1566 729 Sed,
1605 675 1714 737 quia
1745 674 1796 721 in

317 745 502 794 civitate
546 743 763 790 bellicosa
805 742 961 806 plures
1001 741 1192 789 Romuli
1230 743 1368 803 quam
1407 740 1581 786 Numae
1622 738 1796 786 similes

321 827 447 874 reges
470 809 667 872 putabat
699 808 810 863 fore,
856 808 1094 870 iturosque
1133 807 1260 869 ipsos
1295 806 1355 852 ad
1391 805 1524 858 bella,
1568 821 1628 851 ne
1668 820 1797 851 sacra

317 876 457 939 regiae
480 874 641 921 vicis³⁰
667 873 997 927 desererentur,
1017 872 1253 918 flaminem
1269 871 1300 918 J
1303 871 1376 917 ovi
1393 870 1631 917 assiduum
1650 885 1796 917 sacer-

319 941 475 987 dotem
499 939 679 994 creavit,
707 938 969 1001 insignique
992 953 1098 984 eum
1120 944 1247 983 veste
1271 943 1317 982 et
1347 936 1495 982 curuli
1527 935 1653 998 regia
1686 934 1798 982 sella

319 1006 574 1054 adornavit.
646 1004 772 1050 Huic
808 1004 924 1049 duos
960 1003 1170 1049 flamines
1216 1001 1395 1064 adjecit,
1447 1000 1596 1048 Marti
1630 1017 1792 1056 unum,

318 1072 515 1119 alterum
563 1068 830 1125 Quirino³¹;
883 1068 1174 1131 virginesque
1220 1067 1380 1113 Vestae
1394 1066 1432 1093 ³²
1481 1066 1608 1128 legit,
1675 1065 1798 1113 Alba

319 1137 568 1184 oriundum
591 1134 912 1189 sacerdotium,
932 1142 978 1181 et
1001 1134 1129 1196 genti
1151 1132 1402 1180 conditoris
1424 1131 1554 1178 haud
1575 1131 1794 1179 alienum.

319 1203 424 1258 His,
463 1209 517 1248 ut
539 1200 739 1248 assiduae
772 1199 936 1262 templi
969 1199 1201 1246 antistites
1236 1205 1403 1253 essent,
1432 1197 1716 1260 stipendium
1738 1196 1797 1245 de

317 1268 503 1331 publico
539 1267 732 1321 statuit;
784 1265 1048 1327 virginitate
1082 1264 1274 1327 aliisque
1308 1263 1579 1310 ceremoniis
1610 1278 1797 1310 venera-

317 1334 434 1380 biles
469 1349 521 1379 ac
556 1340 738 1378 sanctas
785 1331 910 1377 fecit.
995 1330 1141 1378 Salios
1188 1330 1301 1376 item
1350 1328 1593 1375 duodecim
1650 1327 1798 1375 Marti

322 1398 524 1446 Gradivo
557 1397 683 1460 legit,
723 1396 985 1459 tunicaeque
1017 1396 1158 1459 pictae
1191 1394 1372 1457 insigne
1407 1393 1549 1450 dedit,
1588 1399 1635 1441 et
1659 1409 1798 1457 super

319 1464 525 1510 tunicam
561 1479 742 1510 aeneum
784 1461 960 1524 pectori
1006 1469 1254 1524 tegumen;
1308 1459 1601 1523 coelestiaque
1651 1475 1793 1515 arma,

320 1546 425 1592 quae
449 1528 611 1575 ancilia
635 1527 939 1590 appellantur,
967 1526 1098 1582 ferre,
1127 1542 1179 1573 ac
1200 1542 1284 1589 per
1305 1526 1468 1572 urbem
1491 1525 1558 1572 ire
1581 1531 1798 1573 canentes

320 1595 523 1640 carmina
546 1610 651 1640 cum
674 1593 890 1656 tripudiis
915 1592 1181 1655 solennique
1205 1591 1387 1646 saltatu,
1409 1590 1568 1654 jussit.
1637 1590 1799 1638 Ponti-

319 1661 453 1706 ficem
477 1659 641 1706 deinde
665 1656 917 1705 Numam³³
942 1657 1187 1713 Marcium,
1215 1656 1366 1702 Marci
1387 1656 1549 1712 filium,
1577 1672 1633 1703 ex
1649 1655 1799 1703 Patri·

319 1725 406 1772 bus
440 1724 565 1787 legit,
605 1724 737 1786 eique
780 1739 907 1769 sacra
947 1723 1103 1769 omnia
1149 1722 1379 1784 exscripta
1425 1720 1800 1785 exsignataque³⁴

321 1790 546 1845 attribuit,
587 1789 753 1852 quibus
787 1788 968 1844 hostiis,
1013 1788 1180 1851 quibus
1216 1787 1391 1842 diebuS,
1421 1787 1479 1833 ad
1502 1803 1606 1850 quae
1624 1786 1800 1850 templa

321 1872 450 1902 sacra
471 1856 647 1910 fierent,
675 1862 813 1917 atque
836 1853 959 1900 unde
981 1853 1031 1899 in
1055 1869 1132 1900 eos
1165 1862 1380 1915 sumptus
1413 1852 1610 1915 pecunia
1642 1868 1799 1915 eroga-

319 1930 462 1968 retur.
544 1918 710 1967 Cetera
743 1935 924 1982 quoque
961 1918 1117 1965 omnia
1148 1918 1335 1982 publica
1365 1918 1637 1981 privataque
1672 1933 1801 1964 sacra.

321 1985 560 2033 Pontificis
585 1985 712 2032 scitis
737 1984 943 2047 subjecit,
970 1990 1025 2030 ut
1055 1991 1189 2040 esset,
1218 1983 1308 2046 quo
1341 1983 1607 2030 consultum
1639 1983 1800 2046 plebes

318 2051 508 2106 veniret,
546 2067 604 2097 ne
639 2049 752 2113 quid
784 2049 927 2096 divini
955 2049 1088 2112 juris,
1139 2049 1415 2111 negligendo
1448 2049 1626 2111 patrios
1662 2048 1797 2105 ritus,

319 2117 676 2179 peregrinosque
727 2114 1037 2170 adsciscendo,
1098 2115 1362 2161 turbaretur
1379 2135 1391 2169 ;
1443 2131 1529 2160 nec
1591 2113 1800 2162 coelestes

319 2182 458 2228 modo
482 2180 776 2235 ceremoniaS,
807 2180 888 2226 sed
920 2180 1050 2243 justa
1085 2196 1266 2243 quoque
1296 2179 1509 2226 funebria
1529 2178 1800 2243 placandos-

320 2264 408 2310 que
433 2247 613 2302 Manes,
636 2253 689 2292 ut
710 2245 833 2292 idem
849 2245 1065 2292 Pontifex
1085 2245 1295 2292 edoceret
1316 2266 1327 2301 3
1354 2262 1549 2308 quaeque
1571 2244 1798 2308 prodigia,

320 2312 593 2359 fulminibus
624 2311 769 2358 aliove
809 2327 898 2374 quo
932 2311 1036 2357 visu
1077 2311 1233 2366 missa,
1280 2311 1624 2374 susciperentur
1663 2318 1801 2374 atque

320 2376 647 2424 cumeum-³⁵.
716 2376 796 2423 Ad
818 2392 871 2423 ea
894 2376 1114 2423 elicienda
1138 2392 1192 2423 ex
1214 2376 1449 2423 mentibus
1483 2376 1665 2431 divinis,
1693 2376 1725 2424 J
1727 2376 1801 2423 ovi

320 2443 467 2490 Elicio
503 2459 581 2489 ara
625 2442 676 2489 in
709 2442 942 2489 Aventino
977 2441 1178 2497 dicavit3
1237 2441 1466 2505 deumque
1513 2441 1746 2488 consuluit
1762 2440 1801 2470 ³⁶

321 2509 538 2571 auguriis,
568 2525 672 2571 quae
697 2507 989 2570 suscipienda
1013 2516 1181 2554 essent.

388 2575 526 2620 XXI.
562 2573 641 2620 Ad
662 2573 766 2620 haec
789 2573 1093 2619 consultanda
1130 2571 1556 2636 procurandaque³⁷
1590 2571 1800 2618 multitu-

323 2638 429 2686 dine
453 2639 580 2686 omni
604 2641 631 2685 a
651 2639 698 2685 η’
719 2646 766 2686 et
789 2638 928 2685 armis
952 2641 1180 2694 conversa,
1209 2645 1256 2685 et
1278 2638 1420 2684 animi
1435 2637 1609 2700 aliquid
1623 2636 1802 2700 agendo

282 2697 293 2759 ἰ
323 2704 534 2767 occupati
557 2711 701 2760 erant,
730 2711 776 2750 et
799 2703 990 2750 deorum
1027 2703 1214 2750 assidua
1246 2703 1453 2749 insidens
1490 2719 1611 2758 cura,
1657 2719 1802 2766 quum

323 2770 544 2817 interesse
577 2770 715 2817 rebus
747 2769 966 2816 humanis
1009 2769 1194 2816 coeleste
1244 2767 1434 2815 Numen
1466 2768 1712 2825 videretur,
1750 2770 1802 2814 ea

322 2835 494 2896 pietate
518 2835 726 2882 omnium
747 2841 936 2898 pectora
973 2835 1215 2890 imbuerat,
1252 2840 1307 2880 ut
1339 2833 1455 2880 fides
1490 2850 1542 2880 ac
1569 2833 1801 2897 jusjuran-

325 2898 450 2955 dum,
477 2900 688 2963 proximo
709 2900 865 2964 legum
888 2916 940 2947 ac
961 2916 1205 2963 poenarum
1237 2898 1425 2954 metu³⁸,
1464 2899 1698 2946 civitatem
1731 2914 1802 2944 re-

324 2973 517 3028 gerent3
553 2972 613 3023 et,
645 2982 788 3030 quum
810 2966 903 3031 ipsi
936 2982 985 3014 se
1017 2965 1231 3013 homines
1263 2965 1313 3012 in
1344 2964 1480 3028 regiS‚
1518 2964 1644 3012 velut
1675 2963 1801 3010 unici
