1897 3287
283 454 352 522 T.
428 451 724 521 LIVII
803 451 1346 522 PATAVINI

572 586 1045 635 HISTORIARUM

598 739 766 772 LIBER
802 739 1023 772 PRIMUS.

663 1016 922 1048 EPITOME.

144 1158 397 1207 Adventus
416 1159 580 1206 AEneoe
625 1161 679 1206 in
718 1158 937 1214 Italiam,
970 1165 1019 1206 et
1049 1160 1147 1222 ejus
1167 1176 1243 1207 res
1261 1167 1417 1222 9estoe,
1434 1161 1557 1221 refe-

80 1233 266 1271 runtur.
329 1223 539 1270 Ascanii
554 1241 752 1285 reynum
772 1223 922 1278 Alboe‚
947 1233 992 1271 et
1019 1226 1237 1287 deinceps
1273 1224 1555 1271 Silviorum.

79 1288 346 1336 Numitoris
350 1289 487 1352 filici,
517 1290 546 1334 ὰ
582 1288 749 1336 Marte
783 1290 1059 1350 compressa,
1098 1292 1206 1336 nati
1241 1289 1478 1336 Romulus
1512 1297 1561 1336 et

81 1355 274 1402 Remus.
338 1352 563 1400 Amulius
589 1354 912 1402 obtruncatus.
947 1353 1331 1401 UrbsaRomulo
1352 1356 1562 1402 condita.

82 1420 292 1468 Senatus
314 1418 471 1465 lectus.
544 1418 665 1466 Cum
686 1419 886 1466 Sabinis
900 1419 1137 1466 bellatum.
1213 1419 1387 1482 Opima
1404 1421 1561 1483 spolia

80 1484 199 1533 Jovi
217 1485 433 1531 Feretrio
457 1485 579 1530 lata.
645 1483 713 1530 In
740 1487 900 1531 curias
918 1485 1128 1547 populus
1147 1485 1343 1531 divisus.
1409 1485 1463 1531 F
1461 1486 1558 1531 ide-

80 1557 219 1598 nates
242 1558 288 1596 et
317 1547 526 1611 Vejentes
559 1552 686 1596 victi.
752 1549 988 1596 Romulus
1019 1559 1330 1597 consecratus.
1396 1549 1558 1596 Numa

80 1613 357 1678 Pompilius
377 1617 499 1660 ritus
521 1631 769 1661 sacrorum
785 1616 994 1661 tradidit
1009 1636 1027 1668 ;
1063 1614 1197 1662 Jano
1214 1615 1437 1676 templum
1450 1631 1558 1661 con·

80 1683 237 1727 stituit
251 1698 270 1733 ;
305 1680 494 1742 ejusque
514 1688 716 1742 portam,
751 1682 949 1742 pacatis
973 1680 1186 1726 omnibus
1209 1682 1335 1726 circa
1349 1680 1557 1742 populis,

77 1748 267 1807 primus
288 1745 476 1791 clausit.
549 1744 672 1791 Cum
691 1743 807 1792 Ded
827 1744 1019 1806 Eyerid
1041 1745 1136 1790 sibi
1159 1762 1432 1805 conyressus
1452 1761 1561 1791 noc-

82 1821 248 1858 turnos
269 1826 366 1855 esse
383 1809 626 1865 simulans,
650 1813 842 1871 feroces
868 1810 1041 1871 populi
1061 1813 1248 1856 animos
1270 1811 1335 1856 ad
1364 1811 1560 1870 reliyio-

82 1892 189 1922 nem
215 1875 448 1937 perpulit.
521 1875 687 1921 Tullus
727 1873 972 1921 Hostilius
1005 1874 1227 1922 Albanos
1263 1875 1383 1921 bello
1402 1877 1561 1938 petiit.

81 1940 207 1987 Post
244 1939 341 1985 hoec
374 1942 735 2000 trigeminorum
768 1956 955 2002 puyna.
1022 1938 1264 1986 Horatius
1307 1940 1562 1986 absolutus.

81 2005 228 2052 Metti
261 2003 470 2069 Fuffetii
498 2005 784 2069 supplicium
803 2026 822 2059 ;
873 2004 1004 2051 Alba
1043 2006 1207 2051 diruta
1224 2026 1242 2058 ,·
1292 2004 1481 2051 Albani
1510 2008 1563 2051 in

82 2072 319 2116 civitatem
342 2073 531 2133 recepti.
599 2069 798 2116 Sabinis
826 2070 997 2116 bellum
1030 2072 1274 2116 indictum.
1340 2068 1427 2115 Ad
1447 2086 1560 2133 pos-

83 2144 280 2181 tremum
307 2132 521 2194 fulmine
570 2134 737 2181 Tullus
767 2135 1054 2198 absumptus.
1137 2135 1304 2181 Ancus
1344 2133 1561 2181 Martius

82 2203 387 2255 ceremonias,
434 2201 461 2245 ὰ
504 2199 668 2246 Numa
710 2203 970 2256 institutas,
1012 2203 1275 2247 renovavit.
1361 2199 1561 2246 Latinis

81 2267 219 2311 victis
240 2273 286 2311 et
311 2266 380 2311 ad
400 2267 640 2311 civitatem
660 2267 859 2311 adscitis
876 2273 1082 2312 montem
1097 2264 1391 2311 Aventinum
1407 2267 1558 2326 assiq-

81 2332 232 2378 navit.
297 2328 606 2385 Politorium,
631 2330 792 2376 urbem
814 2329 1120 2385 Latinorum,
1154 2330 1274 2377 bello
1296 2331 1559 2392 repetitam,

81 2411 226 2457 quam
245 2397 398 2457 prisci
411 2394 589 2441 Latini
612 2404 971 2457 occupaverant,
993 2397 1160 2442 diruit.
1225 2394 1434 2442 Pontem
1452 2394 1560 2440 sub-

82 2461 246 2506 licium
270 2463 323 2506 in
354 2458 563 2506 Tiberim
573 2459 710 2522 fecit.
776 2458 1061 2507 Janiculum
1081 2460 1246 2507 collem
1275 2460 1385 2506 urbi
1418 2460 1560 2507 addi·

81 2526 154 2571 dit
170 2546 190 2578 ;
208 2525 342 2588 fines
388 2526 582 2587 imperii
610 2524 835 2586 protulit.
909 2525 1099 2572 Ostiam
1139 2526 1367 2572 condidit.
1432 2523 1561 2585 Req-

81 2593 218 2636 navit
251 2606 405 2636 annos
439 2592 614 2651 viyinti
650 2598 870 2652 quatuor.
937 2589 1017 2638 Eo
1055 2599 1288 2651 reynante
1327 2589 1558 2644 Lucumo,

79 2652 353 2701 Damarati
381 2653 627 2702 Corinthii
632 2656 793 2719 filiuS,
820 2658 846 2701 ὰ
873 2654 1168 2718 Tarquiniis,
1191 2654 1411 2701 Etruriae
1443 2657 1560 2701 civi·

80 2728 190 2774 tate,
230 2718 440 2766 Romam
470 2722 635 2773 venit;
670 2728 728 2775 et,
764 2722 816 2765 in
854 2722 1121 2767 amicitiam
1159 2719 1292 2766 Anci
1332 2729 1559 2782 receptus,

85 2782 344 2846 Tarquinii
366 2800 536 2831 nomen
539 2785 677 2848 ferre
699 2787 836 2846 coepit
848 2807 867 2838 ;
902 2794 947 2832 et
958 2794 1072 2848 post
1090 2793 1285 2831 mortem
1306 2783 1436 2830 Anci
1454 2802 1561 2845 req-

79 2864 192 2894 num
215 2852 408 2910 eoecepit.
479 2849 679 2896 Centum
697 2851 891 2903 additis,
912 2849 1126 2896 Patrum
1145 2866 1391 2895 numerum
1408 2852 1560 2896 auxit.

80 2912 286 2965 Latinos
305 2913 518 2979 subeyitj
553 2917 730 2961 circum
747 2915 1050 2978 desi-qnam&
1085 2915 1221 2962 ludos
1235 2915 1398 2961 edidit.
1465 2913 1560 2961 Sa·

1336 2995 1366 3025 B
