<?xml version="1.0" encoding="UTF-8"?>
<!DOCTYPE html PUBLIC "-//W3C//DTD XHTML 1.0 Transitional//EN"
    "http://www.w3.org/TR/xhtml1/DTD/xhtml1-transitional.dtd">
<html xmlns="http://www.w3.org/1999/xhtml" xml:lang="en" lang="en">
 <head>
  <title>
</title>
<meta http-equiv="Content-Type" content="text/html;charset=utf-8" />
  <meta name='ocr-system' content='tesseract 3.04.00' />
  <meta name='ocr-capabilities' content='ocr_page ocr_carea ocr_par ocr_line ocrx_word'/>
</head>
<body>
  <div class='ocr_page' id='page_1' title='image "./historiaelibritr00livyuoft_0136.png"; bbox 0 0 1897 3287; ppageno 0'>
   <div class='ocr_carea' id='block_1_1' title="bbox 280 181 1153 224">
    <p class='ocr_par' dir='ltr' id='par_1_1' title="bbox 280 181 1153 224">
     <span class='ocr_line' id='line_1_1' title="bbox 280 181 1153 224; baseline -0.001 0"><span class='ocrx_word' id='word_1_1' title='bbox 280 181 368 224; x_wconf 73' lang='lat'><em>118</em></span> <span class='ocrx_word' id='word_1_2' title='bbox 913 194 959 223; x_wconf 86' lang='lat' dir='ltr'><em>T.</em></span> <span class='ocrx_word' id='word_1_3' title='bbox 998 192 1153 224; x_wconf 77' lang='lat' dir='ltr'><em>mvn.</em></span> 
     </span>
    </p>
   </div>
   <div class='ocr_carea' id='block_1_2' title="bbox 259 306 1737 2661">
    <p class='ocr_par' dir='ltr' id='par_1_2' title="bbox 259 306 1737 2661">
     <span class='ocr_line' id='line_1_2' title="bbox 278 306 1729 368; baseline 0.002 -17"><span class='ocrx_word' id='word_1_4' title='bbox 278 306 462 361; x_wconf 87' lang='lat' dir='ltr'><em>Cloelia,</em></span> <span class='ocrx_word' id='word_1_5' title='bbox 488 307 688 367; x_wconf 72' lang='lat' dir='ltr'><em>deceptis</em></span> <span class='ocrx_word' id='word_1_6' title='bbox 709 306 991 361; x_wconf 75' lang='lat' dir='ltr'><strong><em>custodibus,</em></strong></span> <span class='ocrx_word' id='word_1_7' title='bbox 1003 323 1096 368; x_wconf 87' lang='lat' dir='ltr'><em>per</em></span> <span class='ocrx_word' id='word_1_8' title='bbox 1119 306 1325 352; x_wconf 80' lang='lat' dir='ltr'><em>Tiberim</em></span> <span class='ocrx_word' id='word_1_9' title='bbox 1347 307 1415 352; x_wconf 92' lang='lat' dir='ltr'><em>ad</em></span> <span class='ocrx_word' id='word_1_10' title='bbox 1431 323 1539 354; x_wconf 88' lang='lat' dir='ltr'><em>suos</em></span> <span class='ocrx_word' id='word_1_11' title='bbox 1562 314 1729 354; x_wconf 86' lang='lat' dir='ltr'><em>trana-</em></span> 
     </span>
     <span class='ocr_line' id='line_1_3' title="bbox 273 370 1730 433; baseline 0.002 -19"><span class='ocrx_word' id='word_1_12' title='bbox 273 373 343 415; x_wconf 76' lang='lat' dir='ltr'><em>vit</em></span> <span class='ocrx_word' id='word_1_13' title='bbox 356 391 376 422; x_wconf 90' lang='lat'><em>;</em></span> <span class='ocrx_word' id='word_1_14' title='bbox 405 378 461 425; x_wconf 91' lang='lat' dir='ltr'><em>et,</em></span> <span class='ocrx_word' id='word_1_15' title='bbox 483 385 624 431; x_wconf 81' lang='lat' dir='ltr'><em>quum</em></span> <span class='ocrx_word' id='word_1_16' title='bbox 664 371 854 416; x_wconf 87' lang='lat' dir='ltr'><em>reddita</em></span> <span class='ocrx_word' id='word_1_17' title='bbox 889 380 1017 426; x_wconf 89' lang='lat' dir='ltr'><em>esset,</em></span> <span class='ocrx_word' id='word_1_18' title='bbox 1064 372 1091 415; x_wconf 86' lang='grc' dir='ltr'>ὰ</span> <span class='ocrx_word' id='word_1_19' title='bbox 1129 370 1350 416; x_wconf 76' lang='lat' dir='ltr'><em>Porsend</em></span> <span class='ocrx_word' id='word_1_20' title='bbox 1381 372 1635 433; x_wconf 72' lang='lat' dir='ltr'><em>honorifice</em></span> <span class='ocrx_word' id='word_1_21' title='bbox 1656 389 1730 417; x_wconf 89' lang='lat' dir='ltr'><em>re-</em></span> 
     </span>
     <span class='ocr_line' id='line_1_4' title="bbox 273 434 1732 495; baseline 0.001 -17"><span class='ocrx_word' id='word_1_22' title='bbox 273 437 431 488; x_wconf 83' lang='lat' dir='ltr'><em>missa,</em></span> <span class='ocrx_word' id='word_1_23' title='bbox 473 436 675 495; x_wconf 81' lang='lat' dir='ltr'><em>equestri</em></span> <span class='ocrx_word' id='word_1_24' title='bbox 708 435 865 480; x_wconf 71' lang='lat' dir='ltr'><em>statuti</em></span> <span class='ocrx_word' id='word_1_25' title='bbox 904 436 1084 480; x_wconf 89' lang='lat' dir='ltr'><em>donata</em></span> <span class='ocrx_word' id='word_1_26' title='bbox 1121 443 1200 479; x_wconf 90' lang='lat' dir='ltr'><em>est.</em></span> <span class='ocrx_word' id='word_1_27' title='bbox 1264 434 1360 495; x_wconf 87' lang='lat' dir='ltr'><em>Ap.</em></span> <span class='ocrx_word' id='word_1_28' title='bbox 1403 435 1637 482; x_wconf 89' lang='lat' dir='ltr'><em>Claudius</em></span> <span class='ocrx_word' id='word_1_29' title='bbox 1674 453 1732 480; x_wconf 73' lang='lat' dir='ltr'><em>ea:</em></span> 
     </span>
     <span class='ocr_line' id='line_1_5' title="bbox 275 496 1730 560; baseline 0.001 -17"><span class='ocrx_word' id='word_1_30' title='bbox 275 496 473 545; x_wconf 76' lang='lat' dir='ltr'><em>Sabinis</em></span> <span class='ocrx_word' id='word_1_31' title='bbox 494 497 698 544; x_wconf 83' lang='lat' dir='ltr'><em>Romam</em></span> <span class='ocrx_word' id='word_1_32' title='bbox 724 497 997 560; x_wconf 73' lang='lat' dir='ltr'><em>tramfuqit.</em></span> <span class='ocrx_word' id='word_1_33' title='bbox 1039 497 1111 544; x_wconf 87' lang='lat' dir='ltr'><em>Ob</em></span> <span class='ocrx_word' id='word_1_34' title='bbox 1131 497 1219 543; x_wconf 77' lang='lat' dir='ltr'><em>koc</em></span> <span class='ocrx_word' id='word_1_35' title='bbox 1244 498 1454 545; x_wconf 87' lang='lat' dir='ltr'><em>Claudia</em></span> <span class='ocrx_word' id='word_1_36' title='bbox 1471 499 1621 545; x_wconf 88' lang='lat' dir='ltr'><em>tribus</em></span> <span class='ocrx_word' id='word_1_37' title='bbox 1643 501 1730 544; x_wconf 91' lang='lat' dir='ltr'><em>ad-</em></span> 
     </span>
     <span class='ocr_line' id='line_1_6' title="bbox 260 560 1733 623; baseline 0 -15"><span class='ocrx_word' id='word_1_38' title='bbox 260 563 392 623; x_wconf 83' lang='lat' dir='ltr'><em>jecta</em></span> <span class='ocrx_word' id='word_1_39' title='bbox 426 569 510 608; x_wconf 85' lang='lat' dir='ltr'><em>est.</em></span> <span class='ocrx_word' id='word_1_40' title='bbox 587 560 824 607; x_wconf 77' lang='lat' dir='ltr'><em>Numerus</em></span> <span class='ocrx_word' id='word_1_41' title='bbox 859 562 1066 607; x_wconf 86' lang='lat' dir='ltr'><em>tribuum</em></span> <span class='ocrx_word' id='word_1_42' title='bbox 1099 561 1358 622; x_wconf 84' lang='lat' dir='ltr'><em>ampliatus</em></span> <span class='ocrx_word' id='word_1_43' title='bbox 1387 572 1466 618; x_wconf 85' lang='lat' dir='ltr'><em>est,</em></span> <span class='ocrx_word' id='word_1_44' title='bbox 1501 572 1552 609; x_wconf 88' lang='lat' dir='ltr'><em>ut</em></span> <span class='ocrx_word' id='word_1_45' title='bbox 1584 572 1733 608; x_wconf 87' lang='lat' dir='ltr'><em>essent</em></span> 
     </span>
     <span class='ocr_line' id='line_1_7' title="bbox 271 624 1731 688; baseline 0.001 -17"><span class='ocrx_word' id='word_1_46' title='bbox 271 628 442 686; x_wconf 78' lang='lat' dir='ltr'><em>viqinti</em></span> <span class='ocrx_word' id='word_1_47' title='bbox 462 635 507 672; x_wconf 83' lang='lat' dir='ltr'><em>et</em></span> <span class='ocrx_word' id='word_1_48' title='bbox 526 641 639 671; x_wconf 85' lang='lat' dir='ltr'><em>una.</em></span> <span class='ocrx_word' id='word_1_49' title='bbox 708 624 950 671; x_wconf 74' lang='lat' dir='ltr'><em>Adi-ersus</em></span> <span class='ocrx_word' id='word_1_50' title='bbox 991 624 1307 687; x_wconf 76' lang='lat' dir='ltr'><em>Tarquinium</em></span> <span class='ocrx_word' id='word_1_51' title='bbox 1329 625 1605 688; x_wconf 84' lang='lat' dir='ltr'><em>Superbum,</em></span> <span class='ocrx_word' id='word_1_52' title='bbox 1628 643 1731 672; x_wconf 89' lang='lat' dir='ltr'><em>cum</em></span> 
     </span>
     <span class='ocr_line' id='line_1_8' title="bbox 272 689 1732 752; baseline 0.001 -17"><span class='ocrx_word' id='word_1_53' title='bbox 272 689 563 737; x_wconf 85' lang='lat' dir='ltr'><em>Latinorum</em></span> <span class='ocrx_word' id='word_1_54' title='bbox 586 692 793 734; x_wconf 68' lang='lat' dir='ltr'><em>eoeercitzc</em></span> <span class='ocrx_word' id='word_1_55' title='bbox 836 689 1006 734; x_wconf 88' lang='lat' dir='ltr'><em>bellum</em></span> <span class='ocrx_word' id='word_1_56' title='bbox 1045 690 1339 752; x_wconf 70' lang='lat' dir='ltr'><em>inserentem,</em></span> <span class='ocrx_word' id='word_1_57' title='bbox 1364 691 1428 736; x_wconf 89' lang='lat' dir='ltr'><em>A.</em></span> <span class='ocrx_word' id='word_1_58' title='bbox 1454 690 1732 736; x_wconf 77' lang='lat' dir='ltr'><em>Postumius</em></span> 
     </span>
     <span class='ocr_line' id='line_1_9' title="bbox 273 753 1731 815; baseline 0.001 -17"><span class='ocrx_word' id='word_1_59' title='bbox 273 755 476 801; x_wconf 82' lang='lat' dir='ltr'><em>dictator</em></span> <span class='ocrx_word' id='word_1_60' title='bbox 527 753 755 814; x_wconf 68' lang='lat' dir='ltr'><em>prospere</em></span> <span class='ocrx_word' id='word_1_61' title='bbox 806 756 1046 815; x_wconf 78' lang='lat' dir='ltr'><em>puqnavit</em></span> <span class='ocrx_word' id='word_1_62' title='bbox 1100 754 1233 814; x_wconf 85' lang='lat' dir='ltr'><em>apud</em></span> <span class='ocrx_word' id='word_1_63' title='bbox 1275 754 1430 799; x_wconf 84' lang='lat' dir='ltr'><em>lacum</em></span> <span class='ocrx_word' id='word_1_64' title='bbox 1474 753 1731 814; x_wconf 78' lang='lat' dir='ltr'><em>Reqillum.</em></span> 
     </span>
     <span class='ocr_line' id='line_1_10' title="bbox 272 817 1733 880; baseline 0.001 -18"><span class='ocrx_word' id='word_1_65' title='bbox 272 818 430 873; x_wconf 89' lang='lat' dir='ltr'><em>Plebs,</em></span> <span class='ocrx_word' id='word_1_66' title='bbox 455 833 596 880; x_wconf 86' lang='lat' dir='ltr'><em>quum</em></span> <span class='ocrx_word' id='word_1_67' title='bbox 630 826 823 877; x_wconf 85' lang='lat' dir='ltr'><em>propter</em></span> <span class='ocrx_word' id='word_1_68' title='bbox 857 833 1000 862; x_wconf 75' lang='lat' dir='ltr'><em>neoeos</em></span> <span class='ocrx_word' id='word_1_69' title='bbox 1033 818 1088 863; x_wconf 91' lang='lat' dir='ltr'><em>ob</em></span> <span class='ocrx_word' id='word_1_70' title='bbox 1109 834 1170 863; x_wconf 78' lang='lat' dir='ltr'><em>ces</em></span> <span class='ocrx_word' id='word_1_71' title='bbox 1207 818 1416 863; x_wconf 87' lang='lat' dir='ltr'><em>alienum</em></span> <span class='ocrx_word' id='word_1_72' title='bbox 1442 821 1494 863; x_wconf 90' lang='lat' dir='ltr'><em>in</em></span> <span class='ocrx_word' id='word_1_73' title='bbox 1527 817 1733 863; x_wconf 85' lang='lat' dir='ltr'><em>Sacrum</em></span> 
     </span>
     <span class='ocr_line' id='line_1_11' title="bbox 272 880 1733 944; baseline -0.001 -16"><span class='ocrx_word' id='word_1_74' title='bbox 272 892 471 928; x_wconf 81' lang='lat' dir='ltr'><em>montem</em></span> <span class='ocrx_word' id='word_1_75' title='bbox 487 883 753 934; x_wconf 82' lang='lat' dir='ltr'><em>secessisset,</em></span> <span class='ocrx_word' id='word_1_76' title='bbox 769 881 965 927; x_wconf 85' lang='lat' dir='ltr'><em>consilio</em></span> <span class='ocrx_word' id='word_1_77' title='bbox 978 880 1044 926; x_wconf 77' lang='lat' dir='ltr'><em>M</em></span> <span class='ocrx_word' id='word_1_78' title='bbox 1040 899 1092 927; x_wconf 88' lang='lat' dir='ltr'><em>en</em></span> <span class='ocrx_word' id='word_1_79' title='bbox 1099 884 1197 927; x_wconf 86' lang='lat' dir='ltr'><em>enii</em></span> <span class='ocrx_word' id='word_1_80' title='bbox 1211 880 1442 944; x_wconf 75' lang='lat' dir='ltr'><em>Aqrippoe</em></span> <span class='ocrx_word' id='word_1_81' title='bbox 1459 883 1489 927; x_wconf 80' lang='grc' dir='ltr'><em>ὰ</em></span> <span class='ocrx_word' id='word_1_82' title='bbox 1505 883 1733 927; x_wconf 86' lang='lat' dir='ltr'><em>seditione</em></span> 
     </span>
     <span class='ocr_line' id='line_1_12' title="bbox 272 944 1732 1007; baseline 0 -17"><span class='ocrx_word' id='word_1_83' title='bbox 272 955 489 992; x_wconf 77' lang='lat' dir='ltr'><em>revocata</em></span> <span class='ocrx_word' id='word_1_84' title='bbox 512 953 590 991; x_wconf 89' lang='lat' dir='ltr'><em>est.</em></span> <span class='ocrx_word' id='word_1_85' title='bbox 657 944 794 989; x_wconf 87' lang='lat' dir='ltr'><em>Idem</em></span> <span class='ocrx_word' id='word_1_86' title='bbox 826 944 1064 1006; x_wconf 79' lang='lat' dir='ltr'><em>Aqrippa,</em></span> <span class='ocrx_word' id='word_1_87' title='bbox 1086 962 1227 1007; x_wconf 90' lang='lat' dir='ltr'><em>quum</em></span> <span class='ocrx_word' id='word_1_88' title='bbox 1246 947 1521 1001; x_wconf 80' lang='lat' dir='ltr'><em>decessisset,</em></span> <span class='ocrx_word' id='word_1_89' title='bbox 1533 955 1732 1006; x_wconf 80' lang='lat' dir='ltr'><em>propter</em></span> 
     </span>
     <span class='ocr_line' id='line_1_13' title="bbox 262 1009 1734 1071; baseline -0.001 -16"><span class='ocrx_word' id='word_1_90' title='bbox 262 1019 596 1071; x_wconf 79' lang='lat' dir='ltr'><em>paupertatem</em></span> <span class='ocrx_word' id='word_1_91' title='bbox 636 1009 831 1070; x_wconf 85' lang='lat' dir='ltr'><em>publ-ico</em></span> <span class='ocrx_word' id='word_1_92' title='bbox 894 1011 1131 1070; x_wconf 82' lang='lat' dir='ltr'><em>impendio</em></span> <span class='ocrx_word' id='word_1_93' title='bbox 1169 1010 1321 1055; x_wconf 85' lang='lat' dir='ltr'><em>elatus</em></span> <span class='ocrx_word' id='word_1_94' title='bbox 1357 1018 1437 1055; x_wconf 91' lang='lat' dir='ltr'><em>est.</em></span> <span class='ocrx_word' id='word_1_95' title='bbox 1533 1009 1734 1055; x_wconf 80' lang='lat' dir='ltr'><em>Tribuni</em></span> 
     </span>
     <span class='ocr_line' id='line_1_14' title="bbox 261 1073 1732 1136; baseline -0.001 -16"><span class='ocrx_word' id='word_1_96' title='bbox 261 1075 418 1135; x_wconf 87' lang='lat' dir='ltr'><em>plebis</em></span> <span class='ocrx_word' id='word_1_97' title='bbox 443 1077 649 1136; x_wconf 87' lang='lat' dir='ltr'><em>quinque</em></span> <span class='ocrx_word' id='word_1_98' title='bbox 683 1076 833 1118; x_wconf 87' lang='lat' dir='ltr'><em>creati</em></span> <span class='ocrx_word' id='word_1_99' title='bbox 866 1082 988 1118; x_wconf 85' lang='lat' dir='ltr'><em>sunt.</em></span> <span class='ocrx_word' id='word_1_100' title='bbox 1067 1073 1304 1134; x_wconf 75' lang='lat' dir='ltr'><em>Oppidum</em></span> <span class='ocrx_word' id='word_1_101' title='bbox 1334 1073 1600 1120; x_wconf 89' lang='lat' dir='ltr'><em>Volscorum</em></span> <span class='ocrx_word' id='word_1_102' title='bbox 1641 1073 1732 1119; x_wconf 91' lang='lat' dir='ltr'><em>Co·-</em></span> 
     </span>
     <span class='ocr_line' id='line_1_15' title="bbox 272 1137 1734 1200; baseline -0.001 -16"><span class='ocrx_word' id='word_1_103' title='bbox 272 1139 387 1184; x_wconf 83' lang='lat' dir='ltr'><em>rioli</em></span> <span class='ocrx_word' id='word_1_104' title='bbox 413 1147 601 1200; x_wconf 85' lang='lat' dir='ltr'><em>captum</em></span> <span class='ocrx_word' id='word_1_105' title='bbox 624 1146 692 1183; x_wconf 92' lang='lat' dir='ltr'><em>est</em></span> <span class='ocrx_word' id='word_1_106' title='bbox 710 1140 882 1183; x_wconf 72' lang='lat' dir='ltr'><em>virtute</em></span> <span class='ocrx_word' id='word_1_107' title='bbox 905 1146 951 1182; x_wconf 87' lang='lat' dir='ltr'><em>et</em></span> <span class='ocrx_word' id='word_1_108' title='bbox 970 1140 1113 1198; x_wconf 75' lang='lat' dir='ltr'><em>operd</em></span> <span class='ocrx_word' id='word_1_109' title='bbox 1140 1137 1194 1184; x_wconf 92' lang='lat' dir='ltr'><em>C.</em></span> <span class='ocrx_word' id='word_1_110' title='bbox 1213 1137 1412 1192; x_wconf 89' lang='lat' dir='ltr'><em>Marcii,</em></span> <span class='ocrx_word' id='word_1_111' title='bbox 1448 1141 1532 1199; x_wconf 90' lang='lat' dir='ltr'><em>qui</em></span> <span class='ocrx_word' id='word_1_112' title='bbox 1571 1137 1627 1184; x_wconf 95' lang='lat' dir='ltr'><em>ob</em></span> <span class='ocrx_word' id='word_1_113' title='bbox 1648 1137 1734 1183; x_wconf 78' lang='lat' dir='ltr'><em>hoc</em></span> 
     </span>
     <span class='ocr_line' id='line_1_16' title="bbox 277 1200 1734 1264; baseline -0.002 -15"><span class='ocrx_word' id='word_1_114' title='bbox 277 1202 563 1249; x_wconf 85' lang='lat' dir='ltr'><em>Coriolanus</em></span> <span class='ocrx_word' id='word_1_115' title='bbox 583 1210 771 1248; x_wconf 80' lang='lat' dir='ltr'><em>vocatus</em></span> <span class='ocrx_word' id='word_1_116' title='bbox 785 1210 865 1247; x_wconf 86' lang='lat' dir='ltr'><em>est.</em></span> <span class='ocrx_word' id='word_1_117' title='bbox 938 1200 1008 1246; x_wconf 88' lang='lat' dir='ltr'><em>Ti.</em></span> <span class='ocrx_word' id='word_1_118' title='bbox 1024 1201 1236 1256; x_wconf 81' lang='lat' dir='ltr'><em>Atinius,</em></span> <span class='ocrx_word' id='word_1_119' title='bbox 1259 1205 1333 1247; x_wconf 77' lang='lat' dir='ltr'><em>vir</em></span> <span class='ocrx_word' id='word_1_120' title='bbox 1351 1203 1408 1247; x_wconf 91' lang='lat' dir='ltr'><em>de</em></span> <span class='ocrx_word' id='word_1_121' title='bbox 1418 1201 1569 1263; x_wconf 80' lang='lat' dir='ltr'><em>plebe,</em></span> <span class='ocrx_word' id='word_1_122' title='bbox 1591 1217 1734 1264; x_wconf 88' lang='lat' dir='ltr'><em>quum</em></span> 
     </span>
     <span class='ocr_line' id='line_1_17' title="bbox 272 1266 1737 1328; baseline -0.001 -16"><span class='ocrx_word' id='word_1_123' title='bbox 272 1271 323 1312; x_wconf 83' lang='lat' dir='ltr'><em>in</em></span> <span class='ocrx_word' id='word_1_124' title='bbox 341 1269 444 1312; x_wconf 74' lang='lat' dir='ltr'><em>visu</em></span> <span class='ocrx_word' id='word_1_125' title='bbox 460 1267 731 1313; x_wconf 87' lang='lat' dir='ltr'><em>admonitus</em></span> <span class='ocrx_word' id='word_1_126' title='bbox 749 1274 876 1320; x_wconf 87' lang='lat' dir='ltr'><em>esset,</em></span> <span class='ocrx_word' id='word_1_127' title='bbox 900 1274 953 1311; x_wconf 87' lang='lat' dir='ltr'><em>ut</em></span> <span class='ocrx_word' id='word_1_128' title='bbox 971 1267 1029 1312; x_wconf 88' lang='lat' dir='ltr'><em>de</em></span> <span class='ocrx_word' id='word_1_129' title='bbox 1049 1267 1328 1328; x_wconf 87' lang='lat' dir='ltr'><em>quibusdam</em></span> <span class='ocrx_word' id='word_1_130' title='bbox 1347 1266 1654 1326; x_wconf 80' lang='lat' dir='ltr'><em>reliqionibus</em></span> <span class='ocrx_word' id='word_1_131' title='bbox 1669 1267 1737 1311; x_wconf 91' lang='lat' dir='ltr'><em>ad</em></span> 
     </span>
     <span class='ocr_line' id='line_1_18' title="bbox 271 1330 1734 1394; baseline -0.001 -17"><span class='ocrx_word' id='word_1_132' title='bbox 271 1340 484 1377; x_wconf 87' lang='lat' dir='ltr'><em>senatum</em></span> <span class='ocrx_word' id='word_1_133' title='bbox 510 1331 758 1394; x_wconf 87' lang='lat' dir='ltr'><em>perferret,</em></span> <span class='ocrx_word' id='word_1_134' title='bbox 805 1339 849 1376; x_wconf 89' lang='lat' dir='ltr'><em>et</em></span> <span class='ocrx_word' id='word_1_135' title='bbox 881 1330 1171 1390; x_wconf 72' lang='lat' dir='ltr'><em>neqleoeisset,</em></span> <span class='ocrx_word' id='word_1_136' title='bbox 1211 1333 1381 1377; x_wconf 82' lang='lat' dir='ltr'><em>amisso</em></span> <span class='ocrx_word' id='word_1_137' title='bbox 1406 1330 1524 1393; x_wconf 83' lang='lat' dir='ltr'><em>filio</em></span> <span class='ocrx_word' id='word_1_138' title='bbox 1565 1330 1734 1377; x_wconf 86' lang='lat' dir='ltr'><em>debilis</em></span> 
     </span>
     <span class='ocr_line' id='line_1_19' title="bbox 259 1395 1733 1458; baseline -0.001 -17"><span class='ocrx_word' id='word_1_139' title='bbox 259 1397 435 1458; x_wconf 87' lang='lat' dir='ltr'><em>sactus,</em></span> <span class='ocrx_word' id='word_1_140' title='bbox 447 1404 715 1458; x_wconf 82' lang='lat' dir='ltr'><em>postquam,</em></span> <span class='ocrx_word' id='word_1_141' title='bbox 739 1395 923 1440; x_wconf 82' lang='lat' dir='ltr'><em>delatus</em></span> <span class='ocrx_word' id='word_1_142' title='bbox 943 1396 1011 1440; x_wconf 87' lang='lat' dir='ltr'><em>ad</em></span> <span class='ocrx_word' id='word_1_143' title='bbox 1027 1403 1240 1441; x_wconf 85' lang='lat' dir='ltr'><em>senatum</em></span> <span class='ocrx_word' id='word_1_144' title='bbox 1263 1395 1441 1449; x_wconf 74' lang='lat' dir='ltr'><em>lecticd,</em></span> <span class='ocrx_word' id='word_1_145' title='bbox 1463 1396 1625 1440; x_wconf 89' lang='lat' dir='ltr'><em>eadem</em></span> <span class='ocrx_word' id='word_1_146' title='bbox 1646 1395 1733 1440; x_wconf 83' lang='lat' dir='ltr'><em>illa</em></span> 
     </span>
     <span class='ocr_line' id='line_1_20' title="bbox 273 1459 1733 1520; baseline -0.001 -16"><span class='ocrx_word' id='word_1_147' title='bbox 273 1461 582 1513; x_wconf 72' lang='lat' dir='ltr'><em>indicaverat,</em></span> <span class='ocrx_word' id='word_1_148' title='bbox 628 1477 715 1504; x_wconf 90' lang='lat' dir='ltr'><em>usu</em></span> <span class='ocrx_word' id='word_1_149' title='bbox 738 1459 917 1520; x_wconf 86' lang='lat' dir='ltr'><em>pedum</em></span> <span class='ocrx_word' id='word_1_150' title='bbox 959 1467 1138 1520; x_wconf 74' lang='lat' dir='ltr'><em>recepto</em></span> <span class='ocrx_word' id='word_1_151' title='bbox 1177 1460 1364 1505; x_wconf 90' lang='lat' dir='ltr'><em>domum</em></span> <span class='ocrx_word' id='word_1_152' title='bbox 1403 1476 1615 1504; x_wconf 78' lang='lat' dir='ltr'><em>reversus</em></span> <span class='ocrx_word' id='word_1_153' title='bbox 1654 1468 1733 1504; x_wconf 82' lang='lat' dir='ltr'><em>est.</em></span> 
     </span>
     <span class='ocr_line' id='line_1_21' title="bbox 277 1523 1734 1585; baseline -0.001 -16"><span class='ocrx_word' id='word_1_154' title='bbox 277 1524 436 1579; x_wconf 79' lang='lat' dir='ltr'><em>Quum</em></span> <span class='ocrx_word' id='word_1_155' title='bbox 474 1523 528 1570; x_wconf 89' lang='lat' dir='ltr'><em>C.</em></span> <span class='ocrx_word' id='word_1_156' title='bbox 565 1523 788 1569; x_wconf 61' lang='lat' dir='ltr'><em>Maccius</em></span> <span class='ocrx_word' id='word_1_157' title='bbox 833 1523 1137 1577; x_wconf 84' lang='lat' dir='ltr'><em>Coriolanus,</em></span> <span class='ocrx_word' id='word_1_158' title='bbox 1180 1526 1263 1585; x_wconf 89' lang='lat' dir='ltr'><em>qui</em></span> <span class='ocrx_word' id='word_1_159' title='bbox 1297 1525 1347 1568; x_wconf 89' lang='lat' dir='ltr'><em>in</em></span> <span class='ocrx_word' id='word_1_160' title='bbox 1388 1523 1605 1568; x_wconf 71' lang='lat' dir='ltr'><em>exsilium</em></span> <span class='ocrx_word' id='word_1_161' title='bbox 1629 1532 1734 1568; x_wconf 85' lang='lat' dir='ltr'><em>erat</em></span> 
     </span>
     <span class='ocr_line' id='line_1_22' title="bbox 261 1586 1735 1650; baseline -0.001 -18"><span class='ocrx_word' id='word_1_162' title='bbox 261 1589 444 1649; x_wconf 83' lang='lat' dir='ltr'><em>pulsus,</em></span> <span class='ocrx_word' id='word_1_163' title='bbox 486 1589 583 1633; x_wconf 73' lang='lat' dir='ltr'><em>duoe</em></span> <span class='ocrx_word' id='word_1_164' title='bbox 625 1587 893 1633; x_wconf 86' lang='lat' dir='ltr'><em>Volscorum</em></span> <span class='ocrx_word' id='word_1_165' title='bbox 905 1588 1082 1650; x_wconf 75' lang='lat' dir='ltr'><em>jactus,</em></span> <span class='ocrx_word' id='word_1_166' title='bbox 1119 1589 1373 1633; x_wconf 67' lang='lat' dir='ltr'><em>emercitum</em></span> <span class='ocrx_word' id='word_1_167' title='bbox 1399 1587 1599 1633; x_wconf 78' lang='lat' dir='ltr'><em>hostium</em></span> <span class='ocrx_word' id='word_1_168' title='bbox 1626 1586 1735 1632; x_wconf 89' lang='lat' dir='ltr'><em>urbi</em></span> 
     </span>
     <span class='ocr_line' id='line_1_23' title="bbox 272 1652 1731 1713; baseline -0.002 -15"><span class='ocrx_word' id='word_1_169' title='bbox 272 1652 438 1698; x_wconf 80' lang='lat' dir='ltr'><em>Romae</em></span> <span class='ocrx_word' id='word_1_170' title='bbox 481 1653 774 1705; x_wconf 77' lang='lat' dir='ltr'><em>admovisset,</em></span> <span class='ocrx_word' id='word_1_171' title='bbox 814 1660 859 1697; x_wconf 81' lang='lat' dir='ltr'><em>et</em></span> <span class='ocrx_word' id='word_1_172' title='bbox 896 1654 1029 1696; x_wconf 84' lang='lat' dir='ltr'><em>missi</em></span> <span class='ocrx_word' id='word_1_173' title='bbox 1071 1652 1139 1697; x_wconf 89' lang='lat' dir='ltr'><em>ad</em></span> <span class='ocrx_word' id='word_1_174' title='bbox 1179 1667 1281 1697; x_wconf 88' lang='lat' dir='ltr'><em>eum</em></span> <span class='ocrx_word' id='word_1_175' title='bbox 1317 1652 1531 1713; x_wconf 80' lang='lat' dir='ltr'><em>primum</em></span> <span class='ocrx_word' id='word_1_176' title='bbox 1572 1652 1731 1712; x_wconf 78' lang='lat' dir='ltr'><em>leqati,</em></span> 
     </span>
     <span class='ocr_line' id='line_1_24' title="bbox 266 1715 1732 1778; baseline -0.001 -16"><span class='ocrx_word' id='word_1_177' title='bbox 266 1726 430 1778; x_wconf 79' lang='lat' dir='ltr'><em>postea</em></span> <span class='ocrx_word' id='word_1_178' title='bbox 470 1717 746 1769; x_wconf 83' lang='lat' dir='ltr'><em>sacerdotes,</em></span> <span class='ocrx_word' id='word_1_179' title='bbox 760 1716 954 1778; x_wconf 86' lang='lat' dir='ltr'><em>frustra</em></span> <span class='ocrx_word' id='word_1_180' title='bbox 1002 1716 1241 1777; x_wconf 89' lang='lat' dir='ltr'><em>deprecati</em></span> <span class='ocrx_word' id='word_1_181' title='bbox 1277 1724 1438 1769; x_wconf 89' lang='lat' dir='ltr'><em>essent,</em></span> <span class='ocrx_word' id='word_1_182' title='bbox 1469 1731 1527 1760; x_wconf 91' lang='lat' dir='ltr'><em>ne</em></span> <span class='ocrx_word' id='word_1_183' title='bbox 1564 1715 1732 1761; x_wconf 86' lang='lat' dir='ltr'><em>bellum</em></span> 
     </span>
     <span class='ocr_line' id='line_1_25' title="bbox 260 1778 1732 1843; baseline -0.002 -17"><span class='ocrx_word' id='word_1_184' title='bbox 260 1787 440 1842; x_wconf 74' lang='lat' dir='ltr'><em>patr-ise</em></span> <span class='ocrx_word' id='word_1_185' title='bbox 477 1782 685 1843; x_wconf 84' lang='lat' dir='ltr'><em>inferret,</em></span> <span class='ocrx_word' id='word_1_186' title='bbox 721 1779 913 1825; x_wconf 74' lang='lat' dir='ltr'><em>Veturia</em></span> <span class='ocrx_word' id='word_1_187' title='bbox 960 1789 1108 1825; x_wconf 85' lang='lat' dir='ltr'><em>mater</em></span> <span class='ocrx_word' id='word_1_188' title='bbox 1146 1789 1190 1825; x_wconf 89' lang='lat' dir='ltr'><em>et</em></span> <span class='ocrx_word' id='word_1_189' title='bbox 1221 1778 1471 1825; x_wconf 86' lang='lat' dir='ltr'><em>Volumnia</em></span> <span class='ocrx_word' id='word_1_190' title='bbox 1499 1795 1618 1825; x_wconf 75' lang='lat' dir='ltr'><em>uoeor</em></span> <span class='ocrx_word' id='word_1_191' title='bbox 1647 1783 1732 1824; x_wconf 89' lang='lat' dir='ltr'><em>im-</em></span> 
     </span>
     <span class='ocr_line' id='line_1_26' title="bbox 262 1843 1733 1906; baseline -0.002 -15"><span class='ocrx_word' id='word_1_192' title='bbox 262 1854 574 1906; x_wconf 78' lang='lat' dir='ltr'><em>petraverunt</em></span> <span class='ocrx_word' id='word_1_193' title='bbox 601 1845 660 1890; x_wconf 92' lang='lat' dir='ltr'><em>ab</em></span> <span class='ocrx_word' id='word_1_194' title='bbox 693 1861 757 1898; x_wconf 90' lang='lat' dir='ltr'><em>eo,</em></span> <span class='ocrx_word' id='word_1_195' title='bbox 791 1853 842 1889; x_wconf 84' lang='lat' dir='ltr'><em>ut</em></span> <span class='ocrx_word' id='word_1_196' title='bbox 867 1845 1112 1890; x_wconf 84' lang='lat' dir='ltr'><em>recederet.</em></span> <span class='ocrx_word' id='word_1_197' title='bbox 1177 1843 1283 1889; x_wconf 66' lang='lat' dir='ltr'><em>Lea:</em></span> <span class='ocrx_word' id='word_1_198' title='bbox 1302 1846 1505 1904; x_wconf 75' lang='lat' dir='ltr'><em>aqraria</em></span> <span class='ocrx_word' id='word_1_199' title='bbox 1520 1844 1733 1904; x_wconf 76' lang='lat' dir='ltr'><em>primum</em></span> 
     </span>
     <span class='ocr_line' id='line_1_27' title="bbox 274 1908 1732 1970; baseline -0.001 -15"><span class='ocrx_word' id='word_1_200' title='bbox 274 1911 375 1955; x_wconf 79' lang='lat' dir='ltr'><em>lata</em></span> <span class='ocrx_word' id='word_1_201' title='bbox 409 1918 489 1955; x_wconf 86' lang='lat' dir='ltr'><em>est.</em></span> <span class='ocrx_word' id='word_1_202' title='bbox 556 1908 639 1970; x_wconf 79' lang='lat' dir='ltr'><em>Sp.</em></span> <span class='ocrx_word' id='word_1_203' title='bbox 666 1908 861 1954; x_wconf 83' lang='lat' dir='ltr'><em>Cassius</em></span> <span class='ocrx_word' id='word_1_204' title='bbox 882 1909 1148 1955; x_wconf 86' lang='lat' dir='ltr'><em>consularis</em></span> <span class='ocrx_word' id='word_1_205' title='bbox 1165 1910 1304 1968; x_wconf 76' lang='lat' dir='ltr'><em>reqni</em></span> <span class='ocrx_word' id='word_1_206' title='bbox 1321 1910 1517 1953; x_wconf 82' lang='lat' dir='ltr'><em>crimine</em></span> <span class='ocrx_word' id='word_1_207' title='bbox 1532 1909 1732 1954; x_wconf 86' lang='lat' dir='ltr'><em>damna-</em></span> 
     </span>
     <span class='ocr_line' id='line_1_28' title="bbox 274 1972 1731 2034; baseline -0.002 -15"><span class='ocrx_word' id='word_1_208' title='bbox 274 1984 347 2020; x_wconf 86' lang='lat' dir='ltr'><em>tus</em></span> <span class='ocrx_word' id='word_1_209' title='bbox 369 1983 448 2028; x_wconf 89' lang='lat' dir='ltr'><em>est,</em></span> <span class='ocrx_word' id='word_1_210' title='bbox 473 1981 766 2034; x_wconf 85' lang='lat' dir='ltr'><em>necatusque.</em></span> <span class='ocrx_word' id='word_1_211' title='bbox 828 1972 999 2034; x_wconf 81' lang='lat' dir='ltr'><em>Oppia,</em></span> <span class='ocrx_word' id='word_1_212' title='bbox 1021 1975 1154 2033; x_wconf 74' lang='lat' dir='ltr'><em>virqo</em></span> <span class='ocrx_word' id='word_1_213' title='bbox 1187 1972 1400 2025; x_wconf 82' lang='lat' dir='ltr'><em>Vestalis,</em></span> <span class='ocrx_word' id='word_1_214' title='bbox 1429 1972 1484 2017; x_wconf 94' lang='lat' dir='ltr'><em>ob</em></span> <span class='ocrx_word' id='word_1_215' title='bbox 1511 1974 1731 2017; x_wconf 84' lang='lat' dir='ltr'><em>incest-um</em></span> 
     </span>
     <span class='ocr_line' id='line_1_29' title="bbox 275 2035 1732 2100; baseline -0.002 -17"><span class='ocrx_word' id='word_1_216' title='bbox 275 2041 379 2083; x_wconf 71' lang='lat' dir='ltr'><em>viva</em></span> <span class='ocrx_word' id='word_1_217' title='bbox 397 2038 580 2100; x_wconf 73' lang='lat' dir='ltr'><em>defossa</em></span> <span class='ocrx_word' id='word_1_218' title='bbox 604 2046 685 2083; x_wconf 89' lang='lat' dir='ltr'><em>est.</em></span> <span class='ocrx_word' id='word_1_219' title='bbox 756 2036 914 2092; x_wconf 79' lang='lat' dir='ltr'><em>Quum</em></span> <span class='ocrx_word' id='word_1_220' title='bbox 956 2039 1098 2082; x_wconf 75' lang='lat' dir='ltr'><em>vicini</em></span> <span class='ocrx_word' id='word_1_221' title='bbox 1138 2038 1286 2082; x_wconf 72' lang='lat' dir='ltr'><em>hostes</em></span> <span class='ocrx_word' id='word_1_222' title='bbox 1318 2035 1523 2097; x_wconf 72' lang='lat' dir='ltr'><em>Vejentes</em></span> <span class='ocrx_word' id='word_1_223' title='bbox 1559 2038 1732 2082; x_wconf 85' lang='lat' dir='ltr'><em>incom-</em></span> 
     </span>
     <span class='ocr_line' id='line_1_30' title="bbox 275 2099 1737 2163; baseline -0.001 -17"><span class='ocrx_word' id='word_1_224' title='bbox 275 2103 402 2148; x_wconf 87' lang='lat' dir='ltr'><em>modi</em></span> <span class='ocrx_word' id='word_1_225' title='bbox 433 2102 595 2161; x_wconf 72' lang='lat' dir='ltr'><em>maqis,</em></span> <span class='ocrx_word' id='word_1_226' title='bbox 619 2101 757 2162; x_wconf 74' lang='lat' dir='ltr'><em>quam</em></span> <span class='ocrx_word' id='word_1_227' title='bbox 787 2117 957 2162; x_wconf 62' lang='lat' dir='ltr'><em>graves</em></span> <span class='ocrx_word' id='word_1_228' title='bbox 991 2110 1151 2155; x_wconf 82' lang='lat' dir='ltr'><em>essent,</em></span> <span class='ocrx_word' id='word_1_229' title='bbox 1165 2101 1368 2163; x_wconf 85' lang='lat' dir='ltr'><em>familia</em></span> <span class='ocrx_word' id='word_1_230' title='bbox 1400 2099 1656 2146; x_wconf 88' lang='lat' dir='ltr'><em>Fabiorum</em></span> <span class='ocrx_word' id='word_1_231' title='bbox 1683 2103 1737 2145; x_wconf 86' lang='lat' dir='ltr'><em>id</em></span> 
     </span>
     <span class='ocr_line' id='line_1_31' title="bbox 274 2165 1734 2226; baseline -0.001 -15"><span class='ocrx_word' id='word_1_232' title='bbox 274 2166 442 2212; x_wconf 82' lang='lat' dir='ltr'><em>bellum</em></span> <span class='ocrx_word' id='word_1_233' title='bbox 477 2166 736 2226; x_wconf 76' lang='lat' dir='ltr'><em>qerendum</em></span> <span class='ocrx_word' id='word_1_234' title='bbox 782 2167 1047 2226; x_wconf 85' lang='lat' dir='ltr'><em>depoposcit</em></span> <span class='ocrx_word' id='word_1_235' title='bbox 1060 2186 1078 2217; x_wconf 87' lang='lat'><em>,·</em></span> <span class='ocrx_word' id='word_1_236' title='bbox 1113 2167 1330 2226; x_wconf 85' lang='lat' dir='ltr'><em>misitque</em></span> <span class='ocrx_word' id='word_1_237' title='bbox 1352 2167 1403 2210; x_wconf 92' lang='lat' dir='ltr'><em>in</em></span> <span class='ocrx_word' id='word_1_238' title='bbox 1437 2165 1490 2210; x_wconf 89' lang='lat' dir='ltr'><em>id</em></span> <span class='ocrx_word' id='word_1_239' title='bbox 1508 2173 1734 2210; x_wconf 83' lang='lat' dir='ltr'><em>trecentos</em></span> 
     </span>
     <span class='ocr_line' id='line_1_32' title="bbox 277 2229 1734 2291; baseline 0 -18"><span class='ocrx_word' id='word_1_240' title='bbox 277 2247 352 2276; x_wconf 59' lang='lat' dir='ltr'><em>sea*</em></span> <span class='ocrx_word' id='word_1_241' title='bbox 391 2238 614 2284; x_wconf 84' lang='lat' dir='ltr'><em>armatos,</em></span> <span class='ocrx_word' id='word_1_242' title='bbox 655 2232 738 2291; x_wconf 91' lang='lat' dir='ltr'><em>qui</em></span> <span class='ocrx_word' id='word_1_243' title='bbox 767 2231 835 2275; x_wconf 91' lang='lat' dir='ltr'><em>ad</em></span> <span class='ocrx_word' id='word_1_244' title='bbox 871 2229 1139 2275; x_wconf 90' lang='lat' dir='ltr'><em>Cremeram</em></span> <span class='ocrx_word' id='word_1_245' title='bbox 1177 2230 1244 2275; x_wconf 91' lang='lat' dir='ltr'><em>ad</em></span> <span class='ocrx_word' id='word_1_246' title='bbox 1280 2245 1426 2274; x_wconf 85' lang='lat' dir='ltr'><em>unum</em></span> <span class='ocrx_word' id='word_1_247' title='bbox 1447 2229 1507 2274; x_wconf 89' lang='lat' dir='ltr'><em>ab</em></span> <span class='ocrx_word' id='word_1_248' title='bbox 1527 2229 1734 2274; x_wconf 76' lang='lat' dir='ltr'><em>hostibus</em></span> 
     </span>
     <span class='ocr_line' id='line_1_33' title="bbox 273 2292 1733 2355; baseline -0.001 -17"><span class='ocrx_word' id='word_1_249' title='bbox 273 2297 378 2340; x_wconf 75' lang='lat' dir='ltr'><em>coesi</em></span> <span class='ocrx_word' id='word_1_250' title='bbox 411 2303 532 2348; x_wconf 83' lang='lat' dir='ltr'><em>sunt,</em></span> <span class='ocrx_word' id='word_1_251' title='bbox 566 2310 658 2339; x_wconf 84' lang='lat' dir='ltr'><em>uno</em></span> <span class='ocrx_word' id='word_1_252' title='bbox 699 2293 932 2355; x_wconf 78' lang='lat' dir='ltr'><em>impubere</em></span> <span class='ocrx_word' id='word_1_253' title='bbox 966 2294 1094 2339; x_wconf 89' lang='lat' dir='ltr'><em>domi</em></span> <span class='ocrx_word' id='word_1_254' title='bbox 1130 2293 1308 2341; x_wconf 86' lang='lat' dir='ltr'><em>relicto.</em></span> <span class='ocrx_word' id='word_1_255' title='bbox 1393 2292 1457 2338; x_wconf 86' lang='lat' dir='ltr'><em>A.</em></span> <span class='ocrx_word' id='word_1_256' title='bbox 1500 2292 1733 2339; x_wconf 87' lang='lat' dir='ltr'><em>Claudius</em></span> 
     </span>
     <span class='ocr_line' id='line_1_34' title="bbox 274 2356 1733 2420; baseline -0.001 -18"><span class='ocrx_word' id='word_1_257' title='bbox 274 2359 447 2413; x_wconf 76' lang='lat' dir='ltr'><em>consul,</em></span> <span class='ocrx_word' id='word_1_258' title='bbox 493 2374 633 2420; x_wconf 84' lang='lat' dir='ltr'><em>quum</em></span> <span class='ocrx_word' id='word_1_259' title='bbox 670 2359 894 2403; x_wconf 77' lang='lat' dir='ltr'><em>adversus</em></span> <span class='ocrx_word' id='word_1_260' title='bbox 945 2356 1129 2403; x_wconf 80' lang='lat' dir='ltr'><em>Volscos</em></span> <span class='ocrx_word' id='word_1_261' title='bbox 1170 2358 1468 2404; x_wconf 59' lang='lat' dir='ltr'><em>contumacia?</em></span> <span class='ocrx_word' id='word_1_262' title='bbox 1502 2356 1733 2402; x_wconf 70' lang='lat' dir='ltr'><em>exercitus</em></span> 
     </span>
     <span class='ocr_line' id='line_1_35' title="bbox 274 2419 1733 2484; baseline 0 -18"><span class='ocrx_word' id='word_1_263' title='bbox 274 2423 395 2469; x_wconf 72' lang='lat' dir='ltr'><em>male&gt;</em></span> <span class='ocrx_word' id='word_1_264' title='bbox 407 2431 676 2484; x_wconf 80' lang='lat' dir='ltr'><em>puqnatum</em></span> <span class='ocrx_word' id='word_1_265' title='bbox 707 2431 834 2476; x_wconf 88' lang='lat' dir='ltr'><em>esset,</em></span> <span class='ocrx_word' id='word_1_266' title='bbox 869 2423 1096 2467; x_wconf 78' lang='lat' dir='ltr'><em>decimum</em></span> <span class='ocrx_word' id='word_1_267' title='bbox 1130 2438 1354 2483; x_wconf 86' lang='lat' dir='ltr'><em>quemque</em></span> <span class='ocrx_word' id='word_1_268' title='bbox 1385 2421 1587 2466; x_wconf 87' lang='lat' dir='ltr'><em>militum</em></span> <span class='ocrx_word' id='word_1_269' title='bbox 1600 2419 1733 2481; x_wconf 81' lang='lat' dir='ltr'><em>fuste</em></span> 
     </span>
     <span class='ocr_line' id='line_1_36' title="bbox 263 2485 1730 2547; baseline -0.001 -15"><span class='ocrx_word' id='word_1_270' title='bbox 263 2489 512 2547; x_wconf 80' lang='lat' dir='ltr'><em>percussit.</em></span> <span class='ocrx_word' id='word_1_271' title='bbox 579 2485 677 2532; x_wconf 84' lang='lat' dir='ltr'><em>Res</em></span> <span class='ocrx_word' id='word_1_272' title='bbox 704 2495 940 2546; x_wconf 82' lang='lat' dir='ltr'><em>proeterea</em></span> <span class='ocrx_word' id='word_1_273' title='bbox 963 2486 1210 2531; x_wconf 73' lang='lat' dir='ltr'><em>adversum</em></span> <span class='ocrx_word' id='word_1_274' title='bbox 1241 2485 1438 2539; x_wconf 89' lang='lat' dir='ltr'><em>Volscos,</em></span> <span class='ocrx_word' id='word_1_275' title='bbox 1476 2494 1520 2530; x_wconf 88' lang='lat' dir='ltr'><em>et</em></span> <span class='ocrx_word' id='word_1_276' title='bbox 1537 2486 1730 2545; x_wconf 77' lang='lat' dir='ltr'><em>AEquOS,</em></span> 
     </span>
     <span class='ocr_line' id='line_1_37' title="bbox 272 2549 1731 2612; baseline 0 -18"><span class='ocrx_word' id='word_1_277' title='bbox 272 2559 317 2595; x_wconf 85' lang='lat' dir='ltr'><em>et</em></span> <span class='ocrx_word' id='word_1_278' title='bbox 348 2549 567 2612; x_wconf 74' lang='lat' dir='ltr'><em>Vejentes,</em></span> <span class='ocrx_word' id='word_1_279' title='bbox 603 2559 649 2596; x_wconf 90' lang='lat' dir='ltr'><em>et</em></span> <span class='ocrx_word' id='word_1_280' title='bbox 680 2552 932 2597; x_wconf 87' lang='lat' dir='ltr'><em>seditiones</em></span> <span class='ocrx_word' id='word_1_281' title='bbox 954 2553 1077 2596; x_wconf 86' lang='lat' dir='ltr'><em>inter</em></span> <span class='ocrx_word' id='word_1_282' title='bbox 1097 2549 1275 2596; x_wconf 89' lang='lat' dir='ltr'><em>Patres</em></span> <span class='ocrx_word' id='word_1_283' title='bbox 1301 2549 1589 2611; x_wconf 80' lang='lat' dir='ltr'><em>plebemque,</em></span> <span class='ocrx_word' id='word_1_284' title='bbox 1623 2565 1731 2595; x_wconf 87' lang='lat' dir='ltr'><em>con-</em></span> 
     </span>
     <span class='ocr_line' id='line_1_38' title="bbox 273 2617 400 2661; baseline 0.008 -2"><span class='ocrx_word' id='word_1_285' title='bbox 273 2617 400 2661; x_wconf 80' lang='lat' dir='ltr'><em>tinet.</em></span> 
     </span>
    </p>
   </div>
  </div>
 </body>
</html>
