1897 3287
294 234 321 278 2
944 248 991 280 Τ.
1030 248 1187 281 mvn.

291 362 512 409 binorum
555 361 675 409 bello
719 362 902 424 petitus
957 366 1167 426 equitum
1216 366 1460 410 centurias
1502 364 1771 427 ampliavit.

296 426 343 473 T
336 427 556 475 entandoe
569 429 779 474 scientioe
793 427 940 474 causti
958 428 1072 475 Atti
1087 427 1241 474 Navii
1253 431 1466 489 amaris,
1483 430 1772 478 consuluisse

276 492 454 555 fertur,
479 509 545 539 an
571 494 635 547 id,
659 493 717 540 de
736 509 828 555 quo
850 495 1094 555 cogitaret,
1122 493 1246 556 effici
1259 503 1423 555 posset
1436 515 1455 548 ;
1481 497 1610 557 quod
1628 510 1772 557 quum

291 558 504 620 illefieri
516 574 660 621 posse
681 559 1012 622 respondisset,
1021 559 1226 622 jussisse
1246 574 1351 604 eum
1371 560 1607 606 novacula
1624 569 1772 607 cotem

280 622 546 685 proecidere
561 644 580 676 ;
612 623 754 685 idque
778 625 1008 685 protinus
1041 624 1102 670 ab
1134 621 1254 669 Atto
1288 624 1496 686 factum.
1566 624 1773 671 Sabinos

280 696 519 751 praeterea
541 690 646 734 acie
665 691 782 735 vicit
797 709 817 742 ;
853 688 1016 734 urbem
1037 705 1172 734 muro
1197 691 1511 736 circumdedit
1523 711 1542 743 ;
1582 690 1774 736 cloacas

292 753 413 806 t'ecit.
487 752 682 800 Occisus
705 762 773 804 est
800 753 861 800 ab
883 752 1016 800 Anci
1019 755 1166 817 filiis,
1189 770 1333 814 quum
1350 764 1597 816 reynasset
1619 771 1774 802 annos

276 806 496 878 ”triqinta
519 827 634 864 octo.
705 818 943 865 Successit
971 822 1015 865 ei
1044 819 1150 865 Ser,
1174 817 1373 873 Tullius,
1395 829 1540 866 natus
1569 838 1627 867 esc
1660 837 1772 882 cap-

290 883 391 928 tiva
418 882 570 929 nobili
595 882 929 930 Corniculana
942 905 961 936 ;
992 887 1070 930 cui
1083 901 1247 945 puer0‚
1270 885 1427 931 adhuc
1450 887 1503 931 in
1521 888 1656 931 cunis
1680 903 1772 949 po·

289 950 394 1004 sito,
421 956 564 1010 caput
591 950 767 995 arsisse
788 949 1020 995 traditum
1044 957 1124 995 est.
1200 947 1409 1011 Vejentes
1432 960 1573 1012 atque
1595 949 1773 997 Etrus-

290 1029 367 1059 cos
400 1013 576 1074 proelio
614 1012 768 1075 fudit.
856 1013 1061 1060 Censum
1104 1016 1296 1076 primus
1347 1018 1457 1076 eqit.
1541 1015 1775 1062 Lustrum

290 1078 518 1133 condidit,
546 1094 637 1139 quo
659 1080 832 1125 civium
854 1081 1016 1140 capita
1039 1096 1179 1125 censa
1215 1083 1455 1142 octoqinta
1489 1081 1649 1127 millia
1678 1098 1775 1127 esse

291 1143 528 1188 dicuntur.
601 1143 791 1191 Classes
807 1146 1138 1206 centuriasque
1153 1146 1414 1206 descripsit.
1482 1145 1778 1192 Pomoerium

280 1207 501 1270 protulit.
574 1207 733 1256 Colles
763 1209 885 1261 urbi,
912 1209 1232 1265 Quirinalem,
1268 1209 1566 1266 Viminalem,
1590 1211 1775 1274 Esqui-

291 1273 534 1334 linumque
576 1275 768 1336 adjecit.
841 1274 1085 1337 Templum
1119 1275 1305 1322 Dianae
1345 1293 1451 1322 cum
1491 1276 1692 1324 Latinis
1722 1280 1776 1325 in

291 1336 533 1384 Aventino
541 1339 679 1402 fecit.
745 1339 1033 1403 Interfectus
1056 1350 1124 1387 est
1154 1343 1181 1387 ὰ
1211 1341 1272 1387 L.
1301 1342 1582 1404 Tarquinio,
1608 1341 1778 1389 Prisci

273 1403 405 1465 filio,
432 1405 632 1451 consilio
649 1406 780 1468 filioe
818 1423 915 1452 suoe
957 1406 1003 1452 T
1001 1407 1139 1461 ulliae,
1181 1424 1326 1468 quum
1346 1417 1589 1466 reynasset
1621 1424 1777 1455 (minos

291 1469 621 1530 quadraqi'rita
658 1479 879 1532 quatuor.
945 1471 1070 1517 Post
1100 1471 1222 1518 hunc
1258 1472 1321 1519 L.
1354 1472 1651 1535 Tarquinius
1681 1472 1775 1520 Su-

282 1533 473 1595 perbus,
499 1550 647 1596 neque
670 1535 896 1592 Patrum‚
917 1553 1066 1599 neque
1086 1537 1256 1598 populi
1273 1538 1431 1600 jussu,
1464 1555 1664 1599 reqnum
1699 1541 1774 1584 in·

291 1601 418 1644 vasit
437 1619 451 1644 :
506 1615 598 1660 quo
640 1602 718 1646 die
765 1602 1000 1648 scelerata
1045 1602 1209 1648 Tullia
1239 1620 1333 1666 per
1369 1605 1535 1665 patris
1560 1605 1777 1666 jacentis

292 1680 460 1725 corpus
481 1670 759 1726 carpentum
782 1669 891 1728 eqit.
957 1666 1190 1714 Armatos
1211 1672 1341 1714 circa
1358 1686 1406 1714 se
1425 1670 1493 1714 ad
1510 1670 1775 1716 custodiam

292 1732 504 1790 corporis
522 1732 600 1775 sui
618 1731 800 1777 habuit.
873 1731 1088 1778 Turnum
1106 1731 1409 1780 Herdonium
1420 1732 1607 1795 fraude
1627 1737 1775 1780 inter-

291 1797 416 1840 emit.
482 1793 678 1841 Bellum
721 1813 826 1842 cum
861 1796 1041 1844 Volscis
1070 1802 1249 1859 qessit;
1284 1808 1328 1844 et
1351 1816 1408 1845 ex
1428 1816 1590 1846 eorum
1601 1799 1777 1862 proeda

291 1859 513 1921 templum
537 1858 655 1907 Jovz·
679 1863 732 1908 in
758 1862 1002 1923 Capitolio
1010 1864 1145 1926 jecit.
1220 1864 1470 1910 Terminus
1487 1873 1533 1911 et
1543 1864 1778 1911 Juventas

292 1941 389 1970 non
430 1926 662 1972 addixere
685 1947 701 1974 .·
759 1945 960 1990 quorum
1010 1946 1111 1975 arce
1151 1932 1331 1976 moveri
1373 1946 1470 1976 non
1498 1939 1778 1994 potuerunt.

291 1989 421 2036 Filii
444 1989 556 2036 Sex.
586 1989 847 2055 Tarquinii
884 1994 992 2040 dolo
1023 1994 1199 2041 Gabios
1237 1997 1289 2040 in
1321 2003 1607 2055 potestatem
1639 2011 1778 2041 suam

290 2056 487 2117 redeqit.
557 2054 720 2119 Hujus
735 2059 870 2121 filiis
890 2057 1108 2121 Delphos
1131 2061 1375 2122 projecti&
1411 2069 1457 2106 et
1489 2061 1777 2107 consulenti-

292 2120 389 2175 bus,
413 2123 520 2183 quis
544 2138 706 2168 eorum
727 2134 1016 2184 reynaturus
1038 2133 1155 2170 esset
1174 2124 1354 2179 Romce,
1378 2126 1555 2173 dictum
1573 2135 1651 2177 est,
1671 2142 1777 2171 eum

291 2195 616 2246 reqnaturum‚
641 2190 727 2250 qui
742 2191 928 2250 primus
948 2199 1149 2235 matrem
1172 2191 1410 2236 osculatus
1431 2200 1561 2236 esset.
1634 2191 1779 2248 Quod

292 2267 566 2312 responsum
611 2270 755 2315 quum
797 2257 891 2317 ipsi
931 2255 1075 2300 aliter
1113 2257 1558 2317 interpretarentur,
1593 2255 1777 2302 Junius

291 2314 492 2372 Brutus,
516 2319 601 2379 qui
622 2335 727 2364 cum
749 2321 811 2366 iis
826 2320 1069 2383 prqfectus
1093 2329 1209 2374 erat,
1237 2321 1524 2383 prolapsum
1548 2339 1597 2367 se
1630 2325 1776 2367 simu·-

292 2381 413 2428 lacit
434 2391 479 2428 et
504 2391 685 2429 terram
708 2385 946 2431 osculatus
970 2395 1050 2439 est,
1095 2386 1236 2448 idque
1243 2386 1440 2448 ficetum
1459 2387 1559 2448 ejus
1587 2396 1778 2433 eventus

291 2449 365 2491 rei
384 2447 719 2509 comprobavit.
784 2449 917 2496 Nam
950 2467 1108 2512 quum,
1152 2454 1431 2512 impotenter
1466 2468 1516 2497 se
1546 2453 1770 2512 qerendo,

299 2510 594 2574 Tarquinius
619 2513 864 2575 Superbus
887 2532 1045 2562 omnes
1071 2519 1125 2562 in
1158 2518 1320 2563 odium
1351 2519 1430 2562 sui
1457 2517 1737 2563 adduxisset
1754 2539 1774 2571 ;

292 2578 359 2623 ad
380 2578 608 2634 ultimum,
630 2589 826 2640 propter
859 2591 1184 2642 eapuqnatam
1210 2581 1447 2628 nocturna
1480 2584 1530 2627 ‘ci
1567 2583 1595 2627 ὰ
1628 2581 1775 2629 Seoeto

282 2642 392 2702 filio
415 2644 515 2705 ejus
537 2643 778 2691 Lucretiae
791 2647 1087 2706 pudicitiam
1112 2648 1250 2708 (quae,
1275 2655 1440 2693 vocato
1453 2655 1601 2709 patre
1633 2647 1703 2692 ad
1726 2664 1777 2694 se

299 2705 584 2770 Tricipitino
607 2718 653 2755 et
676 2712 781 2756 ciro
814 2710 1073 2767 Collatino,
1099 2712 1332 2758 obtestata
1364 2727 1423 2757 ne
1456 2712 1614 2758 inulta
1647 2728 1776 2758 mors

290 2772 389 2831 ejus
427 2783 555 2829 esset,
590 2774 743 2821 cultro
785 2792 833 2820 36
861 2778 1140 2838 inte-remit),
1184 2776 1337 2823 Bruti
1377 2777 1522 2838 opera
1568 2777 1776 2823 maxime

289 2838 510 2897 expulsus
549 2848 628 2894 est,
674 2856 817 2901 quum
857 2851 1104 2901 rcqnasset
1143 2858 1297 2888 annos
1342 2844 1519 2902 viqinti
1551 2845 1774 2904 quinque.

297 2899 427 2947 Tunc
448 2904 659 2950 consules
671 2905 888 2966 primum
910 2910 1062 2953 creati
1083 2916 1194 2953 sunt
1215 2906 1276 2952 L.
1297 2905 1342 2953 J
1340 2910 1479 2953 unius
1501 2905 1689 2954 Brutus
1728 2916 1774 2953 et

291 2965 350 3010 J..
372 2965 668 3017 Tarquinius
706 2970 993 3017 Collatinus.
