1897 3287
646 227 814 259 mann
839 227 874 258 1.
913 226 958 259 c.
985 226 1085 257 ΧΠ.
1549 214 1603 258 13

134 348 268 398 esset,
317 340 526 388 directo⁴⁶
551 357 679 388 arma
717 341 890 404 petisse
923 340 1111 394 dicant3
1161 346 1221 395 et,
1260 338 1421 386 fraude
1453 339 1601 388 visam

135 424 282 472 agere,
312 409 394 454 sua
415 407 566 470 ipsam
589 415 877 469 peremptam
901 404 1126 452 mercede.

196 473 313 519 XII.
349 472 557 519 Tenuere
579 472 773 518 tamen⁴¹⁷
797 487 948 518 arcem
972 470 1163 525 Sabini,
1199 475 1337 532 atque
1369 468 1478 516 inde
1499 486 1606 532 pos-

131 544 231 584 tero
265 537 352 593 die,
408 553 550 600 quum
602 537 840 584 Romanus
892 536 1120 583 exercitus
1166 533 1437 588 instructus,
1483 535 1607 597 quod

130 602 254 650 inter
275 602 541 649 Palatinum
557 602 963 665 Capitolinumque
981 600 1144 647 collem
1167 599 1319 662 campi
1342 597 1463 654 est⁴⁸,
1485 602 1606 646 ‘com-

131 667 318 731 plesset‚
345 683 440 714 non
461 665 592 729 prius
628 667 963 714 descenderunt
995 666 1045 712 in
1068 681 1267 728 aequum,
1295 666 1446 728 quam,
1473 664 1541 710 ira
1563 671 1608 711 et

131 732 386 795 cupiditate
419 733 746 795 recuperandae
769 732 885 778 arcis
921 731 1189 778 stimulante
1218 730 1410 785 animOS‚
1447 729 1497 775 in
1530 729 1608 776 ad-

131 813 318 844 versum
342 798 541 844 Romani
577 796 810 845 subiere⁴⁹.
881 797 1120 859 Principes
1153 795 1371 858 utrinque
1401 811 1608 857 pugnam

131 862 328 919 ciebant,
368 863 424 908 ab
465 863 649 910 Sabinis
673 863 856 910 Mettus
875 862 1079 917 Curtius,
1102 861 1159 908 ab
1183 860 1408 908 Romanis
1426 860 1608 906 Hostus

134 927 429 975 Hostilius⁵⁰.
501 929 594 975 Hic
615 944 713 975 rem
748 929 1009 974 Romanam
1042 927 1201 990 iniquo
1234 926 1334 973 loco
1368 925 1428 972 ad
1458 925 1610 987 prima

133 993 267 1056 signa
281 994 435 1039 animo
452 1000 590 1056 atque
609 993 797 1040 audacia
815 993 1088 1039 sustinebat.
1144 992 1210 1038 Ut
1229 991 1411 1038 Hostus
1426 990 1604 1046 cecidit,

44 1111 46 1113 ,
132 1058 377 1106 confestim
401 1058 612 1106 Romana
632 1058 882 1105 inclinatur
904 1058 1022 1105 acies
1043 1078 1055 1113 ;
1097 1057 1291 1120 fusaque
1314 1062 1385 1103 est
1407 1056 1467 1102 ad.
1487 1062 1608 1103 vete-

131 1138 231 1172 rem
252 1130 436 1188 portam
461 1124 642 1170 Palatii.
712 1123 954 1179 Romulus,
983 1129 1029 1170 et
1050 1123 1151 1186 ipse
1173 1122 1310 1169 turba
1329 1121 1608 1184 fugientium

132 1195 277 1244 aetuS,
306 1205 434 1235 arma
455 1188 515 1235 ad
537 1188 705 1235 coelum
728 1187 909 1244 tollens,
953 1193 985 1214 “
1007 1188 1207 1251 Jupiter,
1250 1187 1394 1242 tuis,''
1437 1186 1603 1249 inquit,

137 1254 348 1317 “jussus
383 1254 543 1300 avibus
577 1254 654 1300 hie
687 1253 737 1299 in
771 1253 950 1300 Palatio
983 1253 1136 1315 prima
1168 1253 1273 1299 urbi
1306 1251 1609 1298 fundamenta

137 1325 169 1346 “
183 1318 290 1382 jeci.
327 1318 496 1366 Arcem
507 1318 620 1382 jam,
640 1319 807 1365 scelere
825 1317 1084 1380 emptam⁵¹,
1107 1318 1267 1365 Sabini
1282 1317 1472 1364 habent.
1491 1317 1609 1364 Inde

138 1390 170 1410 “
189 1383 282 1432 huc
304 1385 483 1440 armati,
510 1386 725 1447 superata
746 1383 898 1430 media
909 1383 1038 1439 valle,
1057 1383 1272 1431 tendunt.
1309 1383 1376 1430 At
1393 1388 1458 1438 tn,
1476 1389 1609 1444 pater

138 1455 170 1476 “
191 1448 330 1497 deum
358 1449 709 1513 hominumque,
750 1449 863 1496 hinc
897 1449 1061 1496 saltem
1096 1465 1198 1496 arce
1230 1448 1418 1503 hostes3
1475 1448 1607 1495 deme

139 1521 170 1540 “
190 1522 413 1563 terrorem
437 1515 675 1571 Romanis,
708 1514 958 1578 fugamque
991 1514 1164 1561 foedam
1199 1513 1326 1561 siste.
1398 1513 1492 1560 Hic
1525 1529 1609 1576 ego

139 1585 170 1606 “
190 1580 276 1627 tibi
288 1581 518 1644 templum
525 1579 765 1628 Εἴποι-151*
778 1581 810 1629 J
812 1579 1039 1643 ovi,quod
1053 1586 1409 1627 monumentum
1427 1579 1488 1625 sit
1503 1594 1609 1642 pos·

138 1651 170 1672 ‘⁴
190 1646 302 1693 teris
337 1649 418 1693 tua
454 1646 678 1709 praesenti
713 1661 799 1709 ope
834 1652 1062 1693 servatam
1084 1646 1249 1692 urbem
1271 1661 1384 1700 esse,
1412 1644 1604 1690 voveo.''

133 1710 255 1759 Haec
274 1718 502 1775 precatus,
524 1711 668 1758 veluti
683 1710 723 1758 si
740 1711 960 1758 sensisset
977 1710 1159 1758 auditas
1176 1726 1348 1774 preces,
1381 1715 1412 1736 “
1429 1709 1604 1764 Hinc,'’

133 1776 298 1840 inquit,
346 1783 378 1803 “
396 1777 609 1832 Romani,
656 1776 843 1839 Jupiter
893 1776 1098 1839 optimus
1130 1775 1362 1823 maximus
1395 1774 1609 1821 resistere

134 1848 272 1905 atque
304 1842 470 1890 iterare
502 1858 709 1905 pugnam
737 1841 921 1905 jubet.’'
992 1841 1222 1889 Restitere
1257 1839 1470 1896 Romani,
1506 1846 1606 1886 tan-

135 1923 274 1971 quam
298 1907 474 1955 coelesti
494 1923 604 1955 voce
616 1907 737 1970 jussi
747 1927 759 1963 ;
784 1907 885 1970 ipse
900 1905 959 1953 ad
975 1905 1242 1969 primores⁵2
1260 1905 1488 1953 Romulus
1502 1920 1607 1968 pro-

132 1971 272 2020 volat.
343 1972 525 2020 Mettus
549 1972 740 2020 Curtius
763 1973 820 2019 ab
853 1971 1035 2019 Sabinis
1056 1972 1271 2036 princeps
1304 1971 1362 2018 ab
1396 1986 1497 2017 arce
1531 1970 1607 2017 de-

135 2043 354 2095 currerat,
380 2044 427 2086 et
449 2038 622 2086 effusos
644 2044 800 2101 egerat
823 2038 1076 2094 Romanos,
1113 2044 1214 2085 toto
1247 2042 1473 2100 quantum
1507 2035 1607 2083 foro

105 2125 111 2127 -
135 2103 340 2167 spatium
357 2103 499 2160 est⁵³;
535 2120 620 2151 nec
635 2103 799 2167 procul
814 2103 913 2166 jam
937 2106 964 2150 a
983 2105 1119 2167 porta
1132 2103 1302 2150 Palatii
1318 2109 1431 2158 erat,
1452 2101 1606 2149 clami-

133 2176 254 2225 tans,
285 2175 318 2195 “
337 2169 546 2217 Vicimus
562 2169 765 2233 perfidos
781 2169 1005 2232 hospites,
1023 2169 1233 2216 imbelles
1253 2168 1430 2215 hostes.
1498 2168 1529 2215 J
1532 2183 1607 2214 am

138 2240 172 2260 “
193 2234 348 2282 sciunt
384 2235 522 2298 longe
544 2235 672 2282 aliud
689 2251 789 2282 esse
810 2234 1011 2298 virgines
1033 2251 1207 2298 rapere,
1245 2233 1371 2281 aliud
1398 2247 1607 2296 pugnare

139 2305 171 2326 “
191 2315 299 2347 cum
319 2301 481 2348 viris.’'
551 2301 612 2348 In
633 2317 754 2357 eum,
779 2301 884 2348 haee
905 2300 1196 2363 gloriantem,
1217 2316 1322 2347 cum
1339 2298 1476 2362 globo
1490 2297 1607 2344 fero-

134 2364 429 2413 cissimorum
446 2366 669 2430 juvenum
694 2366 924 2413 Romulus
945 2365 1176 2429 impetum
1197 2365 1323 2412 facit.
1392 2364 1465 2410 Ex
1488 2379 1606 2426 equo

134 2437 237 2478 tum
254 2431 377 2479 forte
390 2432 572 2479 Mettus
588 2432 828 2495 pugnabat
848 2450 859 2479 :
896 2430 950 2479 eo
965 2431 1076 2495 pelli
1088 2430 1311 2478 facilius⁵⁴
1326 2429 1430 2476 fuit.
1499 2428 1608 2475 Pul-

134 2511 246 2544 sum
256 2497 458 2545 Romani
469 2503 831 2562 persequuntur3
858 2503 904 2544 et
921 2496 1011 2544 alia
1027 2497 1240 2544 Romana
1260 2495 1392 2549 acieS‚
1419 2493 1610 2541 audacia

132 2561 256 2624 regis
279 2579 481 2619 accensa,
506 2563 663 2611 fundit
677 2563 890 2611 Sabinos.
957 2561 1141 2610 Mettus
1162 2561 1213 2609 in
1244 2560 1461 2624 paludem
1490 2575 1602 2615 sese,

134 2628 334 2692 strepitu
357 2629 650 2692 sequentium
672 2628 934 2692 trepidante
957 2628 1133 2691 equo⁵⁵,
1153 2626 1347 2691 conjecit
1366 2646 1378 2681 ;
1405 2624 1609 2673 adverte-

131 2693 339 2756 ratque⁵⁵
353 2709 408 2741 ea
423 2710 496 2742 res
519 2694 660 2741 etiam
684 2694 880 2742 Sabinos
903 2694 1024 2741 tanti
1045 2693 1250 2757 periculo
1277 2691 1379 2738 viri.
1448 2690 1511 2737 Et
1532 2691 1609 2738 ille

136 2757 335 2819 quidem,
364 2761 674 2807 annuentibus
697 2776 751 2808 ae
771 2760 1044 2807 vocantibus
1070 2758 1179 2814 suis,
1210 2755 1407 2805 favore-'³⁷
1440 2757 1609 2804 multo-

134 2838 241 2870 rum
264 2823 422 2872 addito
445 2826 614 2882 animo,
641 2825 809 2872 evadit.
880 2824 1081 2872 Romani
1106 2823 1353 2886 Sabinique
1374 2822 1425 2870 in
1457 2822 1610 2870 media

136 2888 339 2936 convalle
363 2889 560 2938 duorum
582 2891 812 2938 montium
835 2890 1153 2954 redintegrant
1173 2889 1416 2955 praelium5
1443 2888 1524 2936 sed
1536 2904 1608 2936 res

136 2954 348 3003 Romana
369 2962 467 3002 erat
485 2956 708 3020 superior.
