1897 3287
664 242 831 274 Lmen
856 243 891 273 1.
931 242 975 274 c.
1006 243 1041 274 1.
1560 235 1589 279 3

190 358 222 406 J
225 373 301 404 ΑΜ
340 355 546 419 primum
581 356 790 403 omnium
825 356 936 402 satis
971 362 1164 413 constat,
1190 356 1330 420 Troja
1361 361 1505 421 capta,
1541 361 1592 408 in

124 431 300 470 ceteros
334 421 548 468 saevitum
582 422 720 467 esse²o
755 422 1007 483 Trojanos;
1046 422 1240 479 duobus,
1277 424 1459 470 AEneassl
1494 426 1592 472 An-

123 496 383 550 tenoreque,
410 493 456 533 et
477 487 649 533 vetusti
665 486 768 549 jure
790 486 996 549 hospitii,
1023 493 1068 533 et
1091 488 1198 549 quia
1213 489 1378 550 pacis²²
1401 490 1591 537 redden-

124 553 286 615 daeque
310 552 505 598 Helenae
534 568 714 613 semper
747 559 954 597 auctores
977 553 1174 608 fuerant,
1211 570 1346 599 omne
1373 553 1451 616 jus
1484 555 1591 602 belli

122 618 327 665 Achivos
362 617 655 663 abstinuisse.
746 616 941 662 Casibus
979 617 1142 664 deinde
1176 619 1352 665 variis²³
1386 620 1592 666 Anteno-

122 699 219 729 rem
264 699 369 728 cum
408 682 707 728 multitudine
753 681 1041 737 Henetfimffl,
1105 683 1196 745 qui,
1257 683 1481 732 seditione
1537 702 1592 732 ex

123 747 440 810 Paphlagonia
460 747 597 809 pulsi,
625 754 671 792 et
689 747 819 793 sedes
843 753 889 793 et
912 747 1089 803 ducem,
1116 765 1223 811 rege
1247 749 1511 812 Pylaemene
1534 751 1593 797 ad

121 813 307 875 Trojam
346 812 529 867 amisso,
570 813 849 874 quaerebant,
888 814 1067 859 venisse
1103 817 1153 859 in
1189 815 1407 860 intimum
1450 816 1591 862 maris

121 877 381 924 Hadriatici
405 877 558 923 sinum
579 897 588 923 ε
625 877 959 940 Euganeisque,
982 879 1060 940 qui
1081 879 1201 926 inter
1216 896 1342 927 mare
1357 880 1593 944 Alpesque

117 943 392 998 incolebant,
439 943 599 1005 pul-sis,
649 943 859 989 Henetos
913 943 1226 1007 Trojanosque
1269 962 1345 992 eas
1388 947 1592 993 tenuisse

119 1016 295 1055 terras:
334 1015 380 1054 et
412 1007 463 1053 in
498 1025 635 1072 quem
668 1007 872 1070 primum
911 1009 1081 1070 egressi
1118 1019 1228 1057 sunt
1261 1012 1427 1067 locum,
1455 1011 1593 1074 Troja

118 1081 319 1128 vocatur,
355 1089 565 1135 pagoque
596 1073 703 1119 inde
735 1073 934 1134 Trojano
967 1090 1136 1121 nomen
1170 1076 1310 1132 est²53
1346 1093 1458 1139 gens
1491 1077 1591 1122 uni-

118 1155 248 1185 versa
282 1139 450 1184 Veneti
487 1138 718 1200 appellati.
787 1139 981 1193 AEnean,
1022 1140 1077 1185 ab
1116 1141 1255 1187 simili
1290 1142 1417 1188 clade
1454 1142 1591 1189 domo

118 1204 379 1266 profugum,
409 1203 490 1248 sed
512 1203 572 1248 ad
603 1203 778 1265 majora
798 1203 932 1248 initia
953 1206 1146 1250 rerqu6
1171 1207 1442 1253 ducentibus
1465 1207 1587 1262 fatis,

118 1269 268 1330 primo
289 1268 339 1314 in
362 1267 687 1314 Macedoniam
709 1267 961 1322 venisse2⁷;
999 1269 1106 1315 inde
1140 1270 1189 1317 in
1225 1272 1438 1327 Siciliam,
1468 1289 1591 1334 quae-

118 1342 294 1379 rentem
330 1333 474 1388 sedeS‚
516 1333 748 1388 delatum3
786 1334 842 1379 ab
889 1332 1043 1379 Sicilia
1085 1335 1268 1382 classe28
1313 1338 1590 1384 Laurentem

118 1415 281 1460 agrum
315 1399 534 1444 tenuisse.
603 1399 757 1461 Trojae
794 1406 840 1445 et
877 1397 987 1444 huic
1025 1399 1125 1447 loco
1164 1418 1333 1448 nomen
1361 1411 1446 1448 est.
1517 1404 1591 1450 Ibi

118 1464 289 1525 egressi
332 1463 533 1526 Trojani,
581 1470 636 1510 ut
679 1465 845 1527 quibus
882 1463 938 1508 ab
982 1464 1210 1513 immenso
1252 1471 1398 1530 prope
1442 1484 1592 1515 errore

116 1528 287 1583 nihil‘29,
313 1536 483 1591 praeter
504 1545 631 1574 arma
653 1537 699 1576 et
721 1546 873 1584 naveS,
901 1538 1173 1590 superesset,
1212 1549 1355 1595 quum
1384 1534 1591 1595 praedam

118 1609 174 1640 ex
210 1594 332 1656 agris
362 1601 562 1656 agerent,
585 1594 781 1641 Latinus
804 1612 884 1641 rex
905 1593 1287 1660 Aboriginesque,
1314 1599 1392 1661 qui
1415 1607 1516 1645 tum
1539 1616 1593 1645 ea

115 1660 337 1706 tenebant
364 1659 477 1715 loca,
515 1660 576 1706 ad
610 1660 856 1707 arcendam
886 1659 980 1704 vim
1017 1662 1296 1709 advenarum
1335 1664 1500 1710 armati
1535 1681 1591 1711 ex

115 1725 230 1775 urbe
263 1732 401 1787 atque
437 1725 560 1787 agris
600 1732 894 1772 concurrunt.
964 1727 1150 1789 Duplex
1183 1728 1291 1774 inde
1329 1729 1453 1775 fama
1489 1737 1586 1775 est:

117 1790 195 1836 alii
231 1790 393 1852 praelio
428 1791 603 1837 victum
635 1791 856 1837 Latinum
888 1809 1048 1856 pacem
1085 1809 1191 1839 cum
1226 1794 1384 1849 AEnea,
1426 1794 1590 1841 deinde

118 1855 405 1910 affinitatem,
460 1855 671 1918 junxisse
716 1857 987 1905 tradunt-‘³⁰2
1047 1858 1137 1913 alii,
1199 1859 1305 1905 cum
1349 1860 1590 1906 instructae

115 1921 234 1966 acies
258 1921 588 1976 constitissent,
614 1921 886 1985 priusquam
907 1924 1039 1987 signa
1061 1931 1290 1979 canerent,
1311 1925 1590 1986 processisse

117 1986 338 2032 Latinum
360 1986 481 2032 inter
503 1987 779 2048 primores³¹,
808 1988 1061 2052 ducemque
1086 1990 1365 2036 advenarum
1382 1993 1590 2037 evocasse

114 2051 174 2097 ad
191 2051 492 2114 colloquium;
518 2060 871 2114 percunctatum
887 2055 1065 2110 deinde,
1086 2055 1164 2117 qui
1181 2056 1399 2102 mortales
1418 2064 1586 2111 essent,

114 2116 252 2172 unde,
280 2124 360 2162 aut
384 2133 474 2179 quo
499 2133 609 2163 casu
635 2118 833 2180 profecti
868 2120 1019 2175 domo,
1059 2120 1223 2182 quidve
1248 2129 1506 2183 quaerentes
1540 2122 1590 2168 in

114 2198 279 2243 agrum
304 2182 585 2229 Laurentem
610 2183 846 2230 exissent?
880 2193 1130 2248 postquam
1153 2186 1349 2233 audierit
1378 2187 1588 2233 multitu-

121 2247 277 2293 dinem
299 2247 525 2310 Trojanos
547 2265 646 2296 esse
667 2270 678 2304 ;
716 2249 879 2296 ducem
902 2252 1097 2306 AEnean,
1125 2252 1272 2297 filium
1295 2252 1518 2298 Anchisae
1542 2260 1588 2299 et

112 2312 334 2368 Veneris;
394 2316 597 2360 cremata
646 2315 809 2377 patria,
860 2325 905 2362 et
951 2316 1089 2364 domo
1139 2317 1376 2380 profugos,
1430 2317 1586 2364 sedem

112 2378 455 2441 condendaeque
479 2379 585 2425 urbi
606 2378 762 2426 locum
786 2397 990 2443 quaerere
1010 2403 1022 2438 ;
1060 2388 1106 2428 et
1127 2382 1416 2429 nobilitatem
1440 2383 1586 2429 admi-

113 2449 266 2490 ratum
275 2443 313 2470 ³²
350 2444 503 2506 gentis
540 2445 732 2507 virique,
776 2453 826 2492 et
865 2447 1074 2494 animum
1108 2447 1181 2494 vel
1219 2448 1338 2494 bello
1373 2447 1446 2494 vel
1480 2449 1586 2511 paci

111 2515 342 2570 paratum,
377 2509 562 2556 dextera
586 2511 693 2557 data
726 2510 868 2559 fidem
896 2512 1069 2560 futurae
1102 2513 1319 2560 amicitiae
1359 2514 1581 2561 sanxisse.

112 2573 229 2620 Inde
248 2574 400 2620 foedus
422 2575 614 2622 ictum³⁸
657 2576 779 2623 inter
815 2577 969 2633 duces,
1003 2579 1125 2625 inter
1152 2579 1377 2625 exercitus
1415 2579 1584 2626 saluta-

110 2639 284 2685 tionem
307 2640 494 2687 factam.
563 2641 743 2689 AEnean
775 2643 900 2705 apud
922 2644 1144 2690 Latinum
1167 2644 1310 2690 fuisse
1348 2644 1397 2690 in
1424 2644 1583 2707 hospi-

109 2702 204 2759 tio;
239 2705 306 2750 ibi
343 2705 564 2752 Latinum
586 2707 713 2768 apud
726 2708 922 2756 Pena-tes
945 2708 1055 2756 deos
1072 2708 1376 2760 domesticum
1396 2710 1582 2772 publico

110 2767 375 2830 adjunxisse
406 2770 574 2826 foedus,
611 2772 704 2818 filia
726 2773 887 2820 AEneae
909 2774 959 2819 in
981 2775 1328 2820 matrimonium
1353 2775 1490 2822 data:
1528 2793 1582 2822 ea

112 2850 186 2880 res
208 2834 366 2896 utique
389 2836 601 2899 Trojanis
627 2854 757 2900 spem
773 2839 972 2885 affirmat
994 2839 1182 2887 tandem
1199 2840 1352 2886 stabili
1369 2843 1580 2904 certaque

111 2899 218 2946 sede
260 2900 452 2946 finiendi
486 2902 667 2948 erroris.
750 2904 991 2966 Oppidum
1027 2904 1249 2952 condunt.
1316 2906 1486 2952 AEneas
1520 2908 1578 2953 ab

109 2964 295 3018 nomine
317 2966 473 3012 uxoris
506 2967 751 3016 Lavinium
785 2969 1002 3032 appellat.
1072 2969 1210 3017 Brevi
1232 2969 1374 3034 stirps
1397 2988 1577 3036 quoque
