1897 3287
594 234 761 266 LIBER
787 224 822 266 1.
862 234 907 267 0.
935 235 1089 268 xxm.
1518 222 1573 265 31

106 349 296 397 licitatis
320 348 380 396 ad
414 348 720 396 defectionem
744 348 925 404 animis,
965 346 1250 395 voluntarios
1290 354 1497 404 traxere3
1537 355 1582 394 et

107 416 231 478 apud
265 431 404 478 vagos
450 415 674 477 quosdam
720 430 775 461 ex
818 414 948 476 inopi
990 414 1123 476 plebe
1169 413 1310 459 etiam
1352 429 1526 459 merces
1540 413 1581 442 ⁶⁰

104 480 264 527 valuit.
336 479 527 527 Publico
567 478 778 527 111111111οὸι
822 479 950 526 1111110
987 478 1136 541 adjuti
1175 484 1313 533 sunt3
1349 478 1583 540 valuitque

105 545 230 607 apud
243 545 460 608 Vejentes
487 544 617 607 (nam
641 545 697 592 de
721 544 883 592 ceteris
905 543 1063 591 mimis
1085 541 1302 589 1111111111ὅῆζ
1327 542 1418 604 est)
1449 551 1585 604 pacta

104 626 213 657 cum
235 610 436 657 Romulo
457 610 748 657 induciarum
770 609 902 656 fides.
974 610 1133 664 Quum
1162 608 1335 657 bellum
1369 608 1584 671 utrinque

106 678 288 722 summa
305 692 396 738 ope
424 682 654 738 pararent,
680 674 887 739 vertique
909 674 959 720 in
989 691 1042 721 eo
1076 690 1149 721 res
1171 672 1464 728 videretur⁶³‚
1490 674 1584 719 utri

104 738 236 803 prius
260 757 388 787 arma
408 740 645 797 inferrent,
674 746 869 803 occupat
896 740 1061 786 Tullus
1089 739 1139 785 in
1174 755 1336 801 agrum
1360 738 1583 784 Sabinum

104 804 352 852 transire&
422 806 588 869 Pugna
609 813 741 854 atrox
763 806 823 853 ad
846 806 1033 869 Sylvam
1056 804 1344 851 Malitiosam
1367 804 1470 858 fuit,
1504 803 1583 850 ubi

104 877 152 917 et
172 870 384 933 peditum
407 871 595 935 quidem
616 873 793 928 robore,
825 870 1031 918 ceterum
1055 871 1264 933 equitatu
1286 876 1422 915 aucto
1436 885 1584 930 nuper

104 935 359 998 plurimum
391 936 604 984 Romana
639 937 758 985 acies
781 937 941 983 valuit.
1010 936 1086 982 Ab
1124 935 1357 998 equitibi1s
1391 937 1583 996 repente

104 1001 297 1048 invectis
320 1002 495 1049 turbati
516 1003 699 1050 ordines
733 1008 842 1049 sunt
866 1002 1171 1049 Sabinorum:
1197 1016 1283 1047 nec
1316 1016 1475 1062 pugna
1508 999 1584 1046 de—

104 1065 214 1113 inde
234 1067 326 1114 illis
350 1074 574 1124 constare,
601 1084 686 1116 nec
721 1068 834 1131 fuga
867 1067 1085 1131 explicari
1121 1066 1219 1113 sine
1253 1067 1422 1128 magna
1458 1064 1584 1111 caede

168 1132 273 1178 tuit.

104 1148 358 1244 ΡΟΧΧΧΙ.
396 1197 604 1245 Devictis
625 1197 823 1253 Sabinis,
850 1213 995 1260 quum
1016 1196 1067 1242 in
1089 1198 1257 1259 magna
1289 1194 1434 1258 gloria
1456 1211 1582 1258 mag-

104 1261 267 1325 nisque
291 1263 456 1325 opibus
491 1279 687 1326 regnum
709 1263 834 1309 Tulli
873 1279 925 1309 ac
963 1268 1063 1308 tota
1100 1277 1173 1308 res
1198 1262 1410 1308 Romana
1445 1269 1579 1315 esset,

105 1327 377 1374 nunciatum
400 1329 497 1391 regi
521 1329 828 1391 Patribusque
853 1334 923 1374 est
961 1327 1011 1373 in
1033 1334 1192 1374 monte
1214 1326 1398 1373 Albano
1420 1325 1583 1388 lapidi-

103 1392 191 1439 bus
214 1391 445 1455 pluisse⁶⁵.
515 1393 655 1448 Quod
676 1411 820 1457 quum
843 1392 1057 1440 credivix
1077 1398 1249 1455 posset,
1276 1390 1432 1437 missis
1455 1391 1515 1437 ad
1535 1390 1585 1436 id

103 1457 347 1505 visendum
384 1458 663 1522 prodigium,
714 1460 765 1506 in
799 1465 1065 1522 conspectu,
1107 1457 1236 1504 haud
1270 1456 1402 1503 aliter
1445 1459 1583 1519 quam

104 1539 249 1586 quum
293 1524 567 1586 grandinem
610 1525 737 1572 venti
781 1524 1084 1588 glomeratam
1120 1524 1169 1569 in
1225 1529 1371 1569 terras
1421 1529 1578 1584 agunt,

104 1589 253 1636 crebri
275 1589 478 1637 cecidere
501 1590 616 1637 coelo
638 1589 833 1653 lapides.
903 1590 1004 1636 Visi
1027 1589 1168 1636 etiam
1198 1585 1402 1635 audire⁵⁶
1424 1604 1584 1633 vocem

103 1653 341 1716 ingentem
365 1671 422 1702 ex
444 1656 616 1702 summi
639 1655 891 1703 cacuminis
913 1654 1033 1710 luco,
1059 1661 1113 1700 ut
1133 1654 1287 1716 patrio
1323 1653 1418 1699 ritu
1454 1668 1583 1699 sacra

104 1719 277 1767 Albani
309 1720 526 1777 facerent,
579 1738 698 1785 quae,
747 1721 874 1767 velut
924 1720 1013 1767 diis
1061 1734 1242 1782 quoque
1290 1718 1429 1764 simul
1476 1734 1583 1764 cum

103 1785 254 1847 patria
287 1786 473 1842 relictis,
501 1786 720 1833 oblivioni
756 1786 991 1841 dederant,
1030 1792 1076 1831 et
1109 1792 1190 1830 aut
1213 1784 1426 1830 Romana
1455 1799 1584 1830 sacra

106 1858 416 1914 susceperant,
444 1858 538 1908 aut,
564 1851 779 1907 fortunae,
805 1858 859 1897 ut
882 1852 949 1906 fit,
976 1850 1156 1905 obirati,
1184 1849 1361 1896 cultum
1390 1848 1583 1911 relique-

104 1922 210 1962 rant
245 1916 399 1963 defim.
438 1917 662 1964 Romanis
686 1933 866 1981 quoque
890 1917 947 1963 ab
971 1916 1134 1964 eodem
1164 1914 1376 1977 prodigio
1409 1929 1580 1960 noven—

104 1979 223 2028 diale
261 1981 491 2029 sacrum67
513 1982 698 2044 publice
733 1989 1001 2045 susceptum
1035 1987 1120 2036 est,
1159 1997 1242 2027 scu
1262 1996 1373 2026 voce
1406 1979 1583 2026 coelesti

103 2061 161 2092 ex
183 2046 366 2094 Albano
389 2056 548 2095 monte
585 2049 740 2103 missa,
772 2047 901 2110 (nam
935 2046 987 2093 id
1021 2062 1203 2110 quoque
1241 2044 1461 2106 traditur)
1502 2060 1584 2090 seu

103 2112 369 2174 aruspicum
412 2113 612 2160 monitu.
682 2113 864 2160 Mansit
907 2115 1032 2159 certe
1067 2112 1284 2167 sollenne,
1328 2117 1395 2166 ut,
1439 2126 1583 2173 quan-

104 2176 299 2240 doque⁶⁸
321 2177 446 2225 idem
463 2178 726 2241 prodigium
744 2178 1055 2234 nunciaretur,
1065 2177 1194 2224 feriae
1208 2193 1291 2240 per
1303 2192 1470 2222 novem
1485 2175 1583 2221 dies

103 2250 364 2305 agerentur.
434 2244 580 2290 Haud
600 2245 668 2291 ita
701 2244 849 2291 multo
885 2244 992 2307 post
1025 2241 1290 2306 pestilentia
1322 2241 1582 2287 laboratum

103 2314 204 2363 est3
229 2308 354 2355 unde
378 2325 523 2372 quum
552 2310 742 2372 pigritia
773 2309 1007 2356 militandi
1026 2308 1237 2363 oriretur,
1264 2306 1392 2353 nulla
1426 2312 1583 2352 tamen

104 2372 162 2419 ab
185 2374 325 2421 armis
362 2375 492 2437 quies
516 2374 713 2422 dabatur
734 2376 792 2422 ab
821 2374 1039 2421 bellicoso
1071 2371 1241 2435 rege69,
1281 2370 1581 2418 salubrioraw

104 2438 247 2485 etiam
281 2439 495 2487 credente
529 2440 724 2496 militiae,
764 2443 903 2504 quam
942 2439 1082 2496 domi,
1123 2439 1349 2501 juvenum
1392 2451 1585 2499 corpora

105 2519 221 2559 esse,
258 2504 404 2552 donec
436 2506 538 2569 ipse
574 2522 755 2569 quoque
788 2505 1042 2569 longinquo
1079 2504 1243 2551 morbo
1252 2502 1285 2530 ⁷¹
1323 2508 1394 2549 est
1430 2501 1583 2564 impli-

106 2569 240 2616 citus.
309 2571 443 2618 Tunc
465 2571 579 2618 adeo
600 2572 735 2618 fracti
758 2571 896 2619 simul
918 2588 1025 2618 cum
1048 2585 1236 2632 corpore
1260 2575 1369 2614 sunt
1391 2567 1583 2629 spiritus

105 2633 172 2679 illi
193 2634 380 2692 feroceS,
407 2643 474 2693 ut,
501 2638 581 2700 qui
613 2637 732 2684 nihil
754 2640 863 2683 ante
896 2644 1025 2684 ratus
1058 2641 1181 2682 esset
1207 2630 1364 2681 mimis
1387 2632 1579 2694 regium,

104 2702 243 2762 quam
278 2702 418 2748 sacris
452 2702 618 2750 dedere
651 2703 872 2759 animum,
919 2704 1110 2765 repente
1142 2699 1358 2747 omnibus
1401 2697 1583 2760 magnis

104 2765 347 2828 parvisque
371 2768 777 2831 superstitionibus
800 2768 1026 2815 obnoxius
1064 2766 1250 2828 degeret
1258 2763 1311 2820 7²,
1348 2762 1582 2826 religioni-

104 2829 283 2893 busque
300 2832 440 2879 etiam
453 2833 680 2897 populum
693 2833 923 2896 impleret.
949 2832 1102 2894 Vulgo
1113 2831 1212 2894 jam
1225 2829 1453 2884 homineS,
1475 2843 1583 2875 eum

106 2901 279 2942 statum
301 2912 469 2954 rerum,
508 2899 588 2961 qui
622 2899 708 2945 sub
745 2898 904 2945 Numa
936 2913 1043 2959 rege
1077 2896 1241 2951 fuerat,
1279 2894 1579 2959 requirentes,

104 2975 246 3008 unam
269 2978 406 3025 opem
414 2961 452 2989 ‘¹³
476 2964 613 3027 aegris
637 2963 904 3028 corporibus
927 2963 1148 3018 relictam,
1176 2960 1216 3008 si
1247 2976 1340 3024 pax
1359 2958 1582 3024 veniaque
