1897 3287
685 231 851 261 Limen
875 231 911 261 1.
951 230 996 261 c.
1023 229 1076 262 Χ.
1562 220 1611 262 11

147 343 333 398 ferrent,
375 342 643 399 identidem,
683 361 742 391 ne
777 342 879 406 quis
911 343 1116 397 violaret,
1148 342 1356 390 Talassio
1389 343 1499 391 ferri
1533 345 1621 392 cla-

146 409 395 454 mitatum:
432 409 539 457 inde
561 409 816 473 nuptialem
833 409 954 455 hanc
969 424 1129 455 vocem
1146 407 1317 454 factam
1325 409 1379 455 ²⁴.
1415 410 1622 457 Turbato

145 490 229 547 per
251 481 426 520 metum
448 474 640 531 ludicro,
667 474 823 521 moesti
844 480 1059 537 parentes
1075 472 1308 535 virginum
1329 444 1617 537 profugiunt,

144 539 410 585 incusantes
443 540 603 587 violati
634 540 753 602 hosp
756 539 828 585 itii
861 538 1030 594 foedus,
1069 538 1299 601 deumque
1331 539 1612 596 invocantes,

146 604 277 678 cujus
311 604 372 651 ad
404 605 591 652 solenne
624 605 862 679 ludosque,
898 620 982 666 per
1014 604 1084 650 fas
1115 619 1168 650 ac
1200 603 1342 650 fidem
1375 602 1620 668 (1303111145,

145 670 409 725 venissent;
444 687 529 718 nec
553 671 697 734 raptis
721 678 801 716 aut
832 686 938 732 spes
973 668 1029 715 de
1065 685 1114 715 se
1146 669 1322 724 melior,
1360 677 1442 716 aut
1474 670 1624 732 indig-

145 735 272 781 natio
287 742 359 781 est
375 735 542 783 minor.
615 735 707 783 Sed
720 736 821 798 ipse
841 734 1069 781 Romulus
1093 734 1329 790 circuibat,
1352 734 1625 798 dicebatque

148 805 183 824 ‘¹
203 808 391 862 patrum
424 801 474 848 id
507 802 721 864 superbia
753 801 941 856 factum,
982 800 1063 862 qui
1096 799 1379 847 connubium
1412 800 1623 849 finitimis

149 870 183 890 “
205 867 481 927 negassent:
529 868 631 913 illas
670 874 827 912 tamen
859 866 910 911 in
941 864 1253 920 matrimonio,
1304 865 1354 911 in
1405 865 1624 912 societate

149 935 183 955 “
204 930 495 978 fortunarum
529 932 739 979 omnium
772 931 1075 994 cixitatisque,
1104 937 1164 986 et,
1199 946 1291 992 quo
1325 930 1445 977 nihil
1475 931 1624 977 carius

150 1001 182 1020 “
203 995 408 1043 humano
444 998 602 1060 generi
637 997 710 1052 sit,
758 996 958 1043 liberum
1002 996 1116 1042 fore.
1208 996 1453 1043 Mollirent
1485 996 1625 1042 modo

148 1065 182 1086 ‘'‘
203 1061 295 1108 iras
316 1083 328 1117 ;
366 1068 425 1118 et,
454 1063 621 1125 quibus
644 1062 741 1108 fors
764 1078 956 1124 corpora
983 1061 1201 1118 dedisset,
1229 1061 1393 1108 darent
1425 1061 1621 1108 animos.

151 1131 183 1151 “
206 1126 340 1189 Saepe
379 1143 435 1174 ex
469 1128 638 1191 injuria
671 1127 972 1189 postmodum
1008 1126 1206 1188 gratiam
1250 1134 1429 1174 ortam:
1482 1127 1625 1189 eoque

151 1197 183 1216 ‘⁶
205 1192 471 1239 melioribus
485 1208 650 1239 usuras
664 1192 774 1238 viris
783 1191 835 1247 ²¹⁵,
857 1191 981 1254 quod
995 1191 1240 1238 adnisurus
1257 1209 1342 1255 pro
1367 1208 1414 1239 se
1431 1192 1627 1254 quisque

151 1261 183 1282 “
206 1256 279 1312 sit,
306 1264 373 1313 ut,
401 1274 544 1320 quum
570 1274 700 1304 suam
723 1258 870 1303 vicem
892 1257 1080 1302 functus
1103 1257 1253 1303 officio
1279 1257 1352 1313 sit,
1379 1265 1626 1320 parentum

149 1327 182 1346 “
205 1321 345 1368 etiam
378 1323 634 1385 patriaeque
670 1322 884 1385 expleant
919 1321 1251 1368 desiderium.'’
1329 1322 1625 1371 Accedebant

145 1385 387 1434 blanditiae
419 1389 622 1435 virorum
656 1388 831 1434 factum
865 1387 1168 1450 purgantium
1202 1387 1456 1449 cupiditate
1491 1396 1626 1450 atque

146 1467 330 1508 amore3
382 1470 487 1516 quae
529 1453 731 1500 maxime
765 1453 825 1499 ad
858 1453 1082 1499 muliebre
1131 1453 1371 1516 ingenium
1419 1453 1626 1500 efficaces

145 1533 304 1579 preces
329 1526 453 1564 sunt.

213 1583 275 1629 X.
312 1584 344 1631 J
347 1600 421 1630 am
445 1583 699 1631 admodum
720 1583 925 1646 mitigati
939 1583 1084 1629 animi
1097 1583 1245 1646 raptis
1264 1590 1422 1639 erant;
1460 1591 1508 1630 at
1525 1600 1628 1646 rap·

147 1655 301 1695 tarum
322 1657 537 1724 parentes
560 1656 662 1696 tum
677 1650 880 1696 maxime
904 1649 1089 1695 sordida
1104 1657 1230 1695 veste
1252 1649 1560 1712 lacrymisque
1583 1659 1629 1696 et

147 1714 344 1787 querelis
367 1715 576 1761 civitates
601 1715 922 1770 concitabant3
959 1730 1043 1760 nec
1061 1714 1188 1760 domi
1210 1714 1396 1761 tantum
1418 1715 1629 1777 indigna-

147 1779 297 1826 tiones
319 1780 633 1835 continebant,
657 1780 739 1827 sed
755 1780 1155 1842 congregabantur
1171 1779 1377 1843 undique
1394 1779 1630 1826 adTitum

147 1844 338 1891 Tatium
360 1861 517 1908 regem
542 1845 818 1892 Sabinorum
836 1866 847 1900 ;
886 1853 932 1891 et
954 1845 1211 1906 legationes
1235 1845 1300 1900 3ὸ,
1340 1845 1463 1908 quod
1484 1847 1630 1892 maxi-

148 1926 278 1956 mum
301 1910 426 1957 Tatii
447 1926 618 1957 nomen
639 1911 689 1957 in
711 1911 786 1956 1113
810 1910 1076 1973 regionibus
1100 1917 1211 1966 erat,
1234 1910 1626 1958 conveniebantffi.

149 1975 450 2022 Caeninenses
499 1975 884 2050 Crustuminique
933 1984 981 2022 et
1026 1976 1338 2023 Antemnates
1383 1984 1528 2032 erant,
1571 1977 1631 2023 ad

147 2057 264 2103 quos
299 2041 398 2104 ejus
444 2041 628 2103 injuriae
664 2041 822 2116 pai-3²⁸
869 2042 1147 2115 pertinebat.
1218 2042 1370 2089 Lente
1405 2057 1539 2105 agere
1571 2043 1628 2088 iis

146 2106 311 2153 Tatius
349 2106 598 2169 Sabinique
631 2108 719 2154 visi
753 2115 878 2154 sunt.
949 2106 1051 2169 Ipsi
1083 2107 1207 2154 inter
1242 2124 1290 2154 se
1332 2114 1428 2154 tres
1467 2108 1630 2171 populi

147 2173 459 2219 communiter
507 2173 682 2220 bellum
726 2179 910 2236 parant.
993 2173 1068 2219 Ne
1105 2172 1399 2219 Crustumini
1439 2173 1626 2236 quidem

148 2244 287 2300 atque
333 2239 656 2294 Antemnates,
694 2256 793 2301 prae
828 2237 1032 2286 ardore29
1066 2238 1223 2300 iraque
1258 2238 1622 2293 Caeninensium,

149 2304 262 2350 satis
286 2319 335 2350 se
357 2304 554 2366 impigre
579 2312 795 2359 movent3
831 2305 900 2351 ita
920 2321 1004 2367 per
1027 2320 1076 2350 se
1098 2304 1256 2366 ipsum
1278 2320 1452 2350 nomen
1475 2303 1629 2350 Caeni-

148 2368 303 2415 num³⁰
326 2369 377 2415 in
398 2385 563 2431 agrum
595 2370 861 2416 Romanum
894 2370 1124 2433 impetum
1158 2369 1285 2416 facit.
1356 2369 1448 2416 Sed
1481 2369 1628 2415 effuse

145 2434 437 2481 vastantibus
476 2435 530 2481 fit
580 2435 742 2482 obvius
789 2452 896 2482 cum
931 2435 1133 2482 exercitu
1167 2434 1410 2490 Romulus,
1446 2434 1627 2497 levique

148 2499 400 2547 certamine
434 2499 582 2556 docet,
619 2517 787 2547 vanam
821 2501 921 2548 sine
952 2501 1129 2547 viribus
1162 2501 1280 2547 iram
1317 2515 1445 2547 esse:
1500 2515 1627 2546 exer-

148 2565 294 2611 citum
327 2564 483 2612 fundit
517 2566 771 2629 fugatque.
760 2585 771 2595 ·
823 2566 983 2613 fusum
1013 2567 1335 2630 persequitur:
1385 2581 1542 2629 regem
1575 2565 1625 2612 in

146 2630 309 2692 proelio
331 2631 577 2678 obtruncat
600 2638 647 2678 et
670 2631 868 2695 spoliat:
907 2632 1022 2679 duce
1038 2632 1247 2678 hostium
1269 2631 1435 2687 occiso,
1461 2631 1623 2677 urbem

145 2695 297 2758 primo
318 2695 501 2770 impetu
522 2697 662 2759 capit.
714 2697 832 2744 Inde
855 2698 1059 2744 exercitu
1079 2697 1251 2743 victore
1272 2696 1478 2752 reducto,
1503 2697 1619 2759 ipse,

145 2776 254 2807 cum
274 2759 410 2808 factis
431 2762 502 2808 vir
524 2763 815 2825 magnificus,
840 2769 943 2809 tum
964 2763 1194 2809 factorum
1216 2768 1474 2808 ostentator
1495 2761 1624 2808 haud

145 2825 312 2881 minor,
338 2826 487 2888 spolia
509 2827 640 2874 ducis
661 2828 871 2875 hostium
905 2828 1014 2875 eaesi
1049 2843 1277 2890 suspensa
1307 2826 1532 2874 fabricato
1565 2828 1625 2872 ad

145 2891 196 2938 id
218 2894 328 2954 apte
362 2891 534 2939 ferculo
572 2909 752 2956 gerens,
789 2894 841 2940 in
875 2893 1159 2955 Capitolium
1193 2892 1431 2940 ascendit:
1469 2892 1626 2954 ibique

146 2972 202 3004 ea
234 2973 378 3021 quum
425 2957 486 3004 ad
534 2975 755 3022 quercum
804 2958 1069 3021 pastoribus
1105 2973 1282 3006 sacram
1316 2957 1621 3022 deposuisset,
