1897 3287
316 465 382 531 T.
471 465 765 533 LIVII
849 468 1396 536 PATAVINI

623 611 1088 658 HISTORIARUM

603 773 767 803 LIBER
803 773 1094 805 SECUNDUS.

720 1010 976 1040 EPITOME.

185 1142 367 1187 Brutus
372 1142 694 1203 jurejurando
698 1141 928 1203 populum
942 1142 1214 1195 adstrinxit,
1226 1145 1456 1189 neminem
1470 1160 1576 1204 req·

121 1224 238 1252 nare
269 1205 433 1252 Romoe
446 1221 676 1268 passuros
699 1224 715 1250 .·
764 1204 1078 1266 Tarquinium
1107 1205 1415 1262 Collatinum,
1438 1208 1575 1254 colle-

116 1287 228 1330 qam
247 1286 393 1324 suum,
403 1279 602 1332 propter
616 1268 901 1330 affinitatem
917 1268 1288 1330 Tarquiniorum
1303 1280 1574 1333 suspectum,

120 1337 269 1395 coiiqit
290 1334 541 1380 consulatu
566 1350 614 1379 se
638 1333 876 1387 abdicare,
903 1342 948 1378 et
981 1336 1171 1378 civitate
1191 1335 1364 1380 cedere.
1430 1333 1574 1381 Bona

119 1414 281 1458 requm
317 1399 470 1458 diripi
501 1398 653 1458 jussit
671 1417 690 1450 ;
740 1413 909 1457 ayrum
944 1395 1105 1442 Marti
1150 1401 1452 1453 consecravit,
1494 1401 1578 1459 qui

124 1462 330 1523 Campus
349 1461 563 1507 Martius
588 1463 856 1507 nominatus
889 1470 968 1506 est.
1033 1460 1363 1507 Adolescentes
1384 1461 1574 1517 nobiles,

119 1530 170 1571 in
193 1526 360 1587 quibus
379 1542 486 1571 suos
509 1542 688 1587 quoque
723 1534 766 1570 et
792 1528 970 1571 sororis
976 1525 1130 1587 filios,
1154 1528 1269 1586 quia
1302 1527 1573 1587 conjurave-

118 1599 232 1636 rant
272 1591 329 1636 de
363 1591 650 1650 recipiendis
689 1589 886 1648 reyibus,
925 1592 1081 1635 securi
1107 1592 1357 1650 percussit.
1426 1589 1574 1637 Servo

119 1656 281 1709 indici,
325 1657 403 1700 cui
431 1653 649 1700 Vindicio
682 1670 849 1699 nomen
879 1657 998 1714 fuit,
1035 1653 1296 1699 libertatem
1317 1655 1482 1707 dedit;
1517 1672 1575 1700 ex

117 1720 246 1780 cujus
278 1722 465 1765 nomine
498 1719 708 1764 vindicta
734 1727 801 1763 est
836 1718 1091 1778 appellata.
1163 1716 1319 1772 Quum
1349 1717 1574 1764 adversu's

116 1800 261 1844 reyes,
311 1786 406 1844 qui,
463 1785 716 1828 contractis
770 1780 1028 1843 Vejentium
1071 1790 1113 1827 et
1156 1781 1572 1844 Tarquiniensium

117 1849 274 1907 copiis,
312 1847 481 1892 bellum
519 1847 791 1899 intulerant,
847 1848 1098 1891 exercitum
1132 1847 1350 1899 duscisset,
1385 1848 1436 1891 in
1470 1849 1572 1892 acie

116 1927 219 1956 cum
240 1910 440 1965 Arunte,
465 1911 583 1972 filio
621 1910 837 1971 Superbi,
884 1919 1194 1955 commortuus
1232 1918 1331 1961 est;
1380 1926 1572 1971 eumque

116 1983 344 2021 matronoe
377 1991 554 2020 annum
589 1975 821 2020 luoeerunt.
888 1974 950 2019 P.
982 1973 1197 2019 Valerius
1232 1974 1396 2018 consul
1427 1974 1571 2034 leqem

115 2040 172 2084 de
191 2042 525 2101 provocatione
559 2040 626 2083 ad
641 2038 869 2100 populum
901 2038 1022 2083 tulit.
1095 2037 1386 2099 Capitolium
1437 2039 1570 2084 dedi-

113 2112 270 2148 catum
293 2112 371 2149 est.
437 2102 670 2157 Porsena,
708 2119 793 2147 rex
830 2102 1146 2155 Clusinorum,
1175 2102 1292 2148 bello
1316 2118 1410 2163 pro
1450 2101 1569 2148 Tar-

113 2170 293 2228 quiniis
303 2175 523 2228 suscepto,
535 2183 673 2228 quum
690 2168 757 2211 ad
768 2165 813 2211 J
808 2167 973 2211 anicul
975 2183 1048 2211 um
1063 2169 1273 2219 venisset,
1294 2182 1350 2211 ne
1365 2165 1569 2212 Tiberim

113 2234 342 2277 transiret
373 2234 548 2277 virtute
587 2231 784 2277 Coclitis
818 2229 1021 2277 Horatii
1049 2230 1311 2291 prohibitus
1333 2239 1400 2275 est
1416 2251 1434 2283 ;
1470 2233 1566 2292 qui,

102 2296 224 2340 ⁴dum
252 2296 345 2341 alii
368 2302 563 2357 pontem
596 2295 843 2340 sublicium
876 2296 1158 2349 rescindunt,
1191 2294 1316 2339 solus
1339 2293 1569 2340 Etruscos

112 2362 338 2405 sustinuit
354 2379 370 2406 .·
393 2368 447 2411 et,
471 2368 611 2420 ponte
627 2368 780 2419 rupto,
825 2368 1040 2404 armatus
1072 2375 1120 2403 se
1158 2360 1208 2403 in
1214 2359 1404 2420 flumen
1424 2361 1565 2413 misit,

113 2433 158 2468 et
180 2426 248 2469 ad
259 2441 366 2470 suos
386 2426 612 2469 tranavit.
658 2422 876 2468 Alterum
899 2426 1092 2468 accessit
1105 2424 1294 2468 virtutis
1312 2424 1568 2483 eoeemplum

112 2489 138 2531 ὰ
157 2486 334 2544 Mucio,
354 2491 450 2549 qui,
477 2504 619 2549 quum
638 2489 705 2533 ad
705 2488 978 2550 feriendum
994 2487 1261 2532 Porsenam
1282 2496 1439 2532 castra
1462 2487 1565 2533 hos-

113 2553 230 2596 tium
253 2553 486 2607 intrasset,
524 2555 671 2598 occiso
694 2552 862 2605 scriba,
894 2567 1027 2613 quem
1050 2567 1204 2612 reqem
1237 2567 1331 2596 esse
1350 2551 1563 2611 putabat,

112 2616 464 2676 comprehensus
514 2619 782 2677 impositam
816 2616 1051 2661 altaribus
1084 2631 1288 2667 manum,
1326 2617 1376 2659 in
1400 2615 1566 2675 quibus

110 2680 428 2741 sacrificatum
450 2689 566 2735 erat,
593 2683 729 2726 exuri
752 2697 926 2740 passus
950 2689 1017 2725 est
1031 2701 1050 2732 ;
1086 2680 1297 2740 dixitque
1335 2679 1452 2723 tales
1475 2687 1564 2724 tre-

110 2750 267 2788 centos
289 2760 383 2788 esse
402 2745 669 2806 conjuratos
690 2748 741 2789 in
765 2753 957 2789 mortem
976 2746 1124 2804 ipsius
1147 2745 1281 2803 reqis.
1355 2742 1565 2797 Quorum

109 2808 427 2852 admiratione
461 2817 646 2853 coactus
685 2807 905 2853 Porsena
929 2810 1069 2869 pacis
1103 2808 1392 2852 conditiones
1414 2806 1563 2869 ferre,

110 2870 279 2916 bellum
303 2873 472 2926 omisit,
497 2874 698 2933 accepti-s
719 2872 957 2918 obsidibus
974 2893 992 2924 ;
1028 2887 1085 2916 eoe
1106 2870 1273 2931 quibus
1306 2872 1438 2930 viryo
1468 2887 1564 2917 una
