1897 3287
572 244 738 275 mmm
762 245 797 276 1.
835 243 881 276 c,
908 244 1096 275 xxxvr.
1514 233 1574 279 37

127 355 313 404 Etruria
331 355 532 403 maxime
552 355 701 403 acciti.
742 355 980 404 Sollennes
1004 355 1169 404 deinde
1202 356 1343 402 annui
1369 359 1579 404 mansere

124 420 235 475 ludi,
262 419 459 467 Romani
487 421 731 494 magnique
750 419 875 466 varie
896 420 1128 483 appellati.
1195 420 1270 466 Ab
1294 420 1452 466 eodem
1474 437 1578 483 rege

124 492 173 532 et
193 484 311 531 circa
331 484 480 530 forum
502 485 691 547 privatis
713 484 981 531 aedificanda
1003 484 1148 531 divisa
1169 490 1278 531 sunt
1309 484 1438 539 loca;
1475 501 1579 546 por-

124 549 244 596 ticus
265 548 557 610 tabernaeque
578 549 729 595 factae.

190 613 419 659 XXXVI.
456 612 596 659 Muro
619 628 797 675 quoque
817 612 998 675 lapideo
1020 611 1300 659 circumdare
1316 612 1478 658 urbem
1500 629 1578 674 pa-

124 676 269 731 rabat,
287 693 429 738 quum
446 676 666 723 Sabinum
678 677 849 723 bellum
872 677 1035 738 coeptis
1056 676 1316 723 intervenit.
1361 676 1579 738 Adeoque

125 757 180 788 ea
200 740 352 787 subita
378 756 451 787 res
488 740 590 796 fuit,
631 747 684 787 ut
720 741 849 802 prius
872 741 1097 787 Anienem
1130 741 1378 788 transirent
1403 740 1574 795 hostes,

126 807 263 867 quam
285 805 464 851 obviam
485 804 551 852 ire
573 821 624 852 ac
645 805 886 867 prohibere
908 806 1131 851 exercitus
1147 806 1383 851 Romanus
1405 813 1575 866 posset.

128 870 290 932 Itaque
311 869 589 931 trepidatum
613 870 775 916 Romae
810 876 909 924 est;
951 876 997 915 et
1031 870 1180 931 primo
1210 869 1348 915 dubia
1375 869 1574 924 victoria,

125 935 293 995 magna⁴
312 934 526 996 utrinque
543 934 680 989 caede,
700 941 956 995 pugnatum
979 941 1064 980 est.
1103 933 1323 980 Reduetis
1346 933 1510 980 deinde
1530 933 1579 979 in

128 1005 277 1044 castra
292 997 497 1044 hostium
512 999 668 1059 copiis,
689 998 885 1060 datoque
901 998 1049 1060 spatio
1068 998 1289 1044 Romanis
1305 997 1363 1044 ad
1377 1012 1580 1059 eompar-

128 1062 299 1108 andum
317 1062 372 1108 de
385 1062 564 1124 integro
577 1062 761 1116 bellum,
773 1062 1061 1124 Tarquinius,
1073 1063 1273 1124 equitem
1280 1062 1478 1108 maxime
1486 1062 1580 1107 suis

129 1126 284 1172 deesse
306 1127 478 1172 viribus
500 1133 640 1181 ratus,
668 1127 726 1173 ad
749 1127 1045 1181 Ramnenses,
1072 1127 1324 1183 Tatienses,
1365 1126 1576 1180 Luceres,

129 1206 240 1252 quas
259 1191 484 1236 centurias
501 1191 725 1236 Romulus
741 1190 995 1251 scripserat,
1015 1190 1178 1236 addere
1193 1191 1305 1236 alias
1323 1190 1575 1245 constituit,

130 1270 302 1316 suoque
323 1254 525 1316 insignes
547 1254 799 1315 relinquere
820 1254 1020 1300 nomine.
1090 1255 1146 1300 Id
1170 1255 1277 1317 quia
1309 1254 1581 1316 inaugurato

129 1319 354 1366 Romulus
376 1319 556 1373 fecerat,
581 1334 746 1380 negare
767 1318 910 1364 Attus
933 1318 1123 1373 Navius,
1149 1318 1349 1381 inclytus
1383 1322 1434 1365 ea
1465 1326 1579 1365 tem-

128 1389 307 1445 pestate
329 1399 487 1444 augur,
511 1399 658 1445 neque
679 1382 863 1438 mutari,
883 1398 1029 1445 neque
1045 1399 1216 1429 novum
1234 1383 1465 1438 constitui,
1490 1383 1580 1429 nisi

129 1463 233 1493 aves
256 1447 550 1502 addixissent,
568 1463 719 1509 posse.
776 1447 849 1492 Ex
863 1463 914 1493 eo
928 1447 997 1493 ira
1009 1447 1105 1520 regi
1122 1454 1278 1502 mota3
1304 1447 1581 1510 eludensque

129 1518 286 1567 artem,
317 1512 390 1573 (ut
411 1511 628 1572 ferunt)‘
635 1511 923 1574 ‘Agedumj'
948 1511 1154 1574 inquit,‘
1161 1484 1339 1558 ‘divine
1362 1519 1427 1567 tu,
1453 1512 1580 1557 inau-

133 1576 358 1638 “gura²9,
385 1576 540 1622 fierine
561 1576 721 1637 possit,
747 1575 871 1638 quod
891 1592 1013 1622 nunc
1035 1592 1118 1638 ego
1140 1584 1293 1623 mente
1323 1576 1576 1639 concipio.'’

131 1640 287 1695 Quum
308 1640 396 1695 ille,
433 1641 484 1686 in
518 1640 707 1702 augurio
744 1656 842 1686 rem
876 1646 1102 1702 expertus,
1145 1641 1348 1702 profecto
1377 1641 1579 1686 futuram

129 1704 335 1759 dixisset,
377 1704 564 1766 “Atqui
586 1705 675 1751 hoc
696 1704 848 1752 animo
871 1705 1085 1766 agitari?
1113 1705 1274 1767 inquit,
1317 1711 1407 1751 “te
1444 1721 1579 1750 nova-

136 1775 167 1794 “
189 1768 290 1815 cula
303 1775 452 1815 cotem
477 1769 794 1824 discissurum3
820 1785 930 1830 cape
952 1769 1066 1823 haec,
1086 1776 1130 1814 et
1143 1785 1320 1831 perage,
1339 1768 1462 1831 quod
1475 1785 1580 1815 aves

134 1839 164 1858 “
179 1839 273 1879 tuae
286 1833 384 1879 fieri
400 1849 534 1895 posse
547 1833 877 1894 portendunt.''
895 1833 1016 1878 Tum
1032 1833 1162 1879 illum
1177 1833 1302 1879 haud
1317 1840 1581 1880 cunctanter

130 1896 366 1943 discidisse
389 1903 535 1943 cotem
558 1897 725 1943 ferunt.
795 1897 957 1943 Statua
978 1898 1082 1943 Atti
1114 1898 1261 1959 capite
1295 1898 1456 1953 velato,
1491 1914 1580 1960 quo

130 1961 180 2007 in
193 1961 291 2007 loco
309 1978 380 2007 res
398 1967 500 2007 acta
516 1968 597 2017 est,
610 1962 659 2008 in
672 1961 911 2016 comiti0³⁰‚
922 1961 970 2006 in
984 1961 1200 2023 gradibus
1213 1962 1326 2024 ipsis
1344 1963 1403 2008 ad
1417 1962 1580 2008 laevam

129 2025 268 2072 curiae
290 2025 407 2071 fuit:
433 2032 579 2071 cotem
602 2042 780 2088 quoque
816 2025 974 2072 eodem
1000 2026 1099 2072 loco
1139 2026 1274 2072 sitam
1312 2027 1452 2073 fuisse
1487 2043 1580 2074 me-

129 2096 324 2145 morant,
351 2097 404 2135 ut
427 2097 546 2136 esset
568 2090 626 2136 ad
647 2096 853 2153 posteros
875 2090 1082 2136 miraculi
1099 2091 1195 2153 ejus
1212 2098 1577 2137 monumentum.

130 2153 351 2215 Auguriis
374 2154 533 2200 certe3¹
558 2154 896 2217 sacerdotioque
919 2171 1143 2217 augurum
1166 2163 1322 2201 tantus
1339 2156 1487 2202 honos
1510 2172 1581 2202 ac·

131 2218 280 2273 cessit,
306 2225 358 2264 ut
380 2218 496 2264 nihil
516 2219 624 2264 belli
646 2219 857 2281 domique
879 2228 1050 2281 postea,
1077 2220 1168 2266 nisi
1190 2220 1433 2282 auspicato,
1456 2236 1579 2281 gere-

129 2288 286 2338 retur;
323 2282 511 2329 concilia
538 2284 708 2345 populi,
747 2285 968 2329 exercitus
990 2285 1165 2338 vocati3
1204 2300 1383 2330 summa
1410 2300 1575 2339 rerum,

129 2346 210 2392 ubi
231 2362 334 2392 aves
368 2363 461 2392 non
499 2348 802 2399 admisissent,
842 2347 1215 2395 dirimerentur32.
1283 2349 1444 2410 Neque
1479 2356 1580 2394 tum

128 2410 403 2472 Tarquinius
443 2410 498 2457 de
533 2411 738 2473 equitum
782 2412 996 2458 centuriis
1056 2413 1295 2475 quicquam
1351 2412 1544 2458 mutavit
1564 2433 1576 2467 ;

129 2491 319 2521 numero
342 2476 533 2521 alterum
567 2475 792 2522 tantun1³³
828 2476 1005 2538 adjecit,
1031 2484 1085 2522 ut
1117 2477 1240 2522 mille
1263 2484 1308 2523 et
1331 2477 1580 2538 octingenti

130 2539 304 2600 equites
325 2539 375 2585 in
396 2540 542 2585 tribus
576 2540 791 2586 centuriis
831 2547 997 2586 essent.
1067 2541 1401 2596 Posteriores³⁴‚
1443 2541 1580 2587 modo

131 2603 216 2649 sub
237 2603 401 2650 iisdem
422 2604 698 2659 nominibus,
726 2604 806 2666 qui
837 2605 981 2650 additi
1014 2613 1155 2660 erant,
1193 2605 1407 2667 appellati
1440 2611 1575 2651 sunt.
1564 2624 1575 2634 ·

131 2682 244 2729 quas
265 2683 400 2723 nunc,
427 2668 533 2730 quia
554 2669 796 2730 geminatae
821 2669 973 2714 ειιιιι30
976 2685 1096 2724 ,sex
1117 2677 1280 2716 vocant
1302 2670 1543 2715 centurias.

194 2704 448 2777 XXXVII.
486 2733 587 2778 Hae
608 2741 737 2794 parte
760 2705 993 2794 copiaruni
1015 2735 1157 2788 aucta,
1184 2734 1350 2779 iterum
1372 2748 1477 2779 cum
1501 2733 1578 2780 Sa-

129 2793 251 2841 binis
274 2796 546 2857 confligitur.
605 2797 708 2852 Sed,
725 2806 1030 2859 praeterquam
1054 2797 1175 2859 quod
1186 2797 1358 2843 viribus
1381 2804 1579 2844 creverat

131 2858 366 2905 Romanus
390 2861 623 2916 exercitus,
651 2877 705 2907 ex
728 2862 902 2907 occulto
927 2862 1062 2906 etiam
1085 2861 1268 2906 additur
1289 2861 1433 2917 dolus,
1470 2862 1580 2907 mis-

130 2922 207 2978 sis,
234 2923 312 2986 qui
334 2940 545 2986 magnam
567 2926 660 2972 vim
681 2925 922 2987 lignorum,
949 2925 997 2971 in
1013 2925 1203 2972 Anienis
1220 2924 1319 2989 ripa
1333 2924 1575 2989 jacentem,
