1897 3287
593 242 758 274 mez
783 243 817 273 1.
857 241 901 273 c.
928 242 1061 272 an.
1511 229 1568 272 41

128 364 163 386 “
182 374 275 406 non
288 372 458 411 eorum,
470 354 548 419 qui
561 355 719 402 alienis
732 355 943 400 manibus
961 353 1211 416 pessimum
1225 352 1400 398 facinus
1410 353 1570 401 fecere.

128 429 162 449 '“
183 422 318 484 Erige
340 428 398 476 te,
438 420 634 482 deosque
657 419 794 465 duces
818 434 1014 480 sequere,
1048 418 1125 479 qui
1154 417 1326 463 clarum
1354 417 1442 463 hoc
1477 418 1573 465 fore

130 492 162 513 “
184 492 320 548 caput
343 485 494 531 divino
528 483 756 545 quondam
789 482 1063 529 circumfuso
1096 481 1191 542 igni
1224 481 1570 542 portenderunt.

128 556 161 577 “
184 551 321 597 Nunc
342 556 388 596 te
409 549 487 594 illa
509 548 704 594 coelestis
728 547 892 593 excitet
913 545 1164 599 flamma723
1202 560 1323 590 nunc
1345 547 1573 606 expergis-

130 620 161 640 “
184 629 282 660 cere
304 616 423 659 vere.
492 612 554 658 Et
580 628 664 659 nos
696 610 924 674 peregrini
956 608 1307 671 regnavimusw.
1377 609 1468 662 Qui
1493 609 1570 664 sis,

130 684 161 704 ‘⁶
183 694 274 724 non
296 677 417 723 unde
440 684 574 722 natus
598 676 674 731 sis,
700 683 874 737 reputa.
945 674 994 719 Si
1016 683 1095 719 tua
1123 689 1170 718 re
1205 672 1355 718 subita
1387 673 1575 719 consilia

130 748 161 768 “
184 748 379 804 torpent,
406 748 452 786 at
470 748 522 786 tu
542 756 644 786 mea
661 738 892 802 sequere.’'
931 738 1086 792 Quum
1101 737 1269 783 clamor
1285 737 1575 799 impetusque

126 806 434 852 multitudinis
478 804 552 850 vix
598 804 810 850 sustineri
852 809 1021 864 posset,
1077 818 1131 847 ex
1165 801 1395 862 superiore
1445 809 1575 862 parte

127 870 296 916 aedium
318 886 399 931 per
421 868 657 923 fenestras,
683 869 731 913 in
766 883 929 913 novam
962 867 1082 911 viam
1120 881 1287 919 versas,
1317 864 1575 925 (habitabat

128 935 248 980 enim
270 950 350 979 rex
373 933 430 980 ad
453 934 483 980 J
486 933 580 979 ovis
605 932 796 978 Statoris
806 931 861 992 7⁴)
897 930 1119 993 populum
1142 929 1365 990 Tanaquil
1388 929 1575 990 alloqui-

126 1005 202 1044 tur
220 1018 231 1053 ;
261 998 392 1060 jubet
430 1003 461 1022 “
477 998 595 1043 bono
619 997 768 1042 animo
802 1011 926 1049 esse;
965 995 1164 1056 sopitum
1197 993 1337 1039 fuisse
1347 993 1386 1018 '¹⁵
1423 1009 1575 1055 regem

132 1069 163 1087 “
186 1063 335 1108 subito
349 1062 462 1116 ictu3
484 1061 654 1107 ferrum
668 1059 794 1106 haud
811 1060 900 1105 alte
916 1059 965 1104 in
979 1075 1142 1120 corpus
1159 1057 1463 1111 descendisse3
1479 1058 1575 1119 jam

133 1132 164 1151 “
185 1126 244 1172 ad
277 1142 323 1171 se
357 1126 526 1172 redisse
552 1145 562 1179 ;
612 1125 869 1186 inspectum
901 1123 1079 1177 vulnus,
1135 1123 1339 1168 absterso
1383 1137 1572 1175 cruore;

131 1197 163 1216 “
185 1191 337 1236 omnia
360 1188 599 1235 salubria⁷⁶
622 1205 747 1242 esse;
785 1187 1020 1241 confidere,
1038 1186 1301 1247 propediem
1323 1186 1474 1247 ipsum
1499 1202 1575 1231 eos

131 1261 164 1280 “
185 1255 376 1300 visuros.
467 1253 657 1298 Interim
696 1252 791 1298 Ser.
832 1251 965 1297 Tullo
991 1250 1149 1311 jubere
1187 1250 1408 1311 populum
1454 1249 1575 1295 dicto

132 1324 164 1344 “
187 1318 443 1364 audientem
467 1316 628 1363 esse77.
667 1316 786 1362 Eum
803 1315 909 1377 jura
931 1314 1228 1368 redditurum,
1257 1314 1575 1374 obiturumque

130 1388 163 1409 “
185 1382 272 1428 alia
287 1383 406 1444 regis
428 1381 584 1427 munia
606 1380 751 1426 esse.'’
791 1379 970 1425 Servius
993 1395 1097 1425 cum
1120 1377 1320 1423 trabeam
1343 1385 1388 1423 et
1409 1377 1575 1423 lictori-

128 1446 214 1493 bus
236 1447 419 1508 prodit;
456 1462 520 1501 ac,
560 1445 665 1491 sede
687 1443 810 1506 regia
833 1443 1008 1497 sedens,
1047 1443 1134 1488 alia
1157 1441 1369 1497 decernit,
1397 1441 1452 1487 de
1476 1441 1576 1487 aliis

128 1511 443 1557 consulturum
467 1526 514 1556 se
535 1525 689 1571 regem
711 1525 809 1555 esse
833 1508 1032 1554 simulat.
1101 1508 1274 1568 Itaque,
1302 1522 1382 1567 per
1405 1506 1576 1567 aliquot

129 1575 241 1630 dies,
267 1591 408 1638 quum
425 1574 521 1637 jam
537 1572 829 1636 expirasset⁷⁹
852 1571 1140 1634 Tarquinius,
1162 1572 1303 1617 celata
1318 1578 1476 1624 morte,
1495 1585 1575 1631 per

131 1640 327 1702 speciem
349 1640 509 1686 alienae
527 1637 770 1700 fungendae
779 1636 815 1664 ⁸⁰
839 1637 948 1682 vicis
965 1652 1068 1681 suas
1084 1652 1191 1696 opes
1206 1635 1418 1680 firmavit.
1454 1635 1574 1679 Tum

130 1704 315 1750 demum
347 1703 497 1766 palam
531 1701 706 1756 factoffl,
756 1708 802 1747 et
835 1700 1187 1762 comploratione
1224 1699 1273 1744 in
1306 1699 1428 1759 regia
1460 1701 1572 1751 orta,

132 1768 327 1823 Servius,
364 1766 580 1830 praesidio
612 1767 743 1814 firmo
776 1766 996 1819 munitus,
1047 1764 1223 1826 primus
1268 1762 1447 1824 injussu
1496 1777 1574 1823 po-

130 1832 242 1894 puli,
278 1831 510 1877 voluntate
534 1831 738 1884 Patrum,
764 1829 984 1891 regnavit.
1052 1828 1170 1874 Anci
1192 1827 1322 1872 liberi
1338 1825 1433 1887 jam
1457 1832 1572 1879 tum,

130 1896 469 1958 comprehensis
494 1895 672 1941 sceleris
688 1894 926 1948 ministris,
950 1899 1003 1938 ut
1024 1893 1172 1938 vivere
1189 1907 1341 1952 regem
1360 1897 1406 1936 et
1420 1898 1573 1935 tantas

132 1976 230 2007 esse
253 1977 362 2022 opes
386 1960 528 2006 Servii
549 1959 816 2006 nunciatum
850 1964 932 2013 est,
969 1957 1182 2004 Suessam
1213 1954 1467 2002 Pometiam
1502 1969 1577 1999 ex-

131 2024 332 2072 sulatum
353 2024 514 2071 ierant.

199 2089 357 2135 XLII.
394 2089 493 2135 Nec
509 2088 605 2151 jam
628 2087 822 2150 publicis
844 2087 990 2149 magis
1009 2085 1208 2132 consiliis
1225 2083 1420 2138 Servius,
1442 2085 1576 2144 quam

131 2153 321 2216 privatis
332 2153 381 2208 ⁸²,
402 2154 581 2199 munire
599 2168 731 2214 opes;
758 2158 802 2198 et
819 2168 889 2207 ne,
902 2151 1046 2213 qualis
1055 2150 1174 2196 Anci
1189 2147 1381 2195 liberum
1399 2148 1577 2193 animus

133 2216 350 2264 adversus
383 2217 683 2280 Tarquinium
712 2216 873 2271 fuerat,
906 2216 1011 2262 talis
1034 2213 1250 2261 adversus
1275 2229 1321 2258 se
1344 2210 1575 2273 Tarquinii

133 2281 326 2328 liberam
361 2288 492 2336 esset,
521 2281 635 2326 duas
668 2281 784 2326 filias
812 2280 1056 2342 juvenibus
1090 2278 1239 2339 regiiS‚
1267 2275 1410 2323 Lucio
1444 2281 1579 2335 atque

133 2346 304 2392 Arunti
325 2345 598 2407 Tarquiniis,
614 2344 784 2407 jungit.
852 2345 952 2390 Nec
965 2343 1090 2405 rupit
1106 2349 1260 2388 tamen
1281 2340 1365 2385 fati
1385 2338 1569 2384 necessi-

134 2417 277 2456 tatem
297 2410 512 2455 humanis
534 2408 747 2463 consiliis,
784 2408 894 2470 quin
914 2407 1085 2452 invidia
1104 2404 1276 2467 regni⁸⁸
1299 2404 1434 2449 etiam
1461 2402 1573 2447 intei

136 2474 410 2520 domesticos
432 2473 573 2519 infida
610 2473 764 2519 omnia
796 2479 931 2534 atque
963 2471 1130 2516 infesta
1161 2470 1345 2515 faceret.
1412 2467 1573 2527 Perop-

135 2541 332 2599 portune
346 2538 404 2584 ad
425 2537 666 2600 praesentis
681 2537 879 2598 quietem
899 2534 1045 2581 statfis
1055 2534 1103 2589 ⁸4,
1117 2534 1286 2580 bellum
1305 2529 1574 2591 cumVejen·

137 2602 261 2647 tibus
297 2602 414 2665 (jam
446 2602 568 2648 enim
600 2601 797 2647 induciae
829 2600 1032 2646 exierant
1041 2598 1101 2659 8⁵)
1143 2597 1330 2658 aliisque
1373 2593 1581 2640 Etruscis

140 2673 392 2728 sumptum.
460 2665 519 2712 In
541 2681 593 2711 eo
615 2665 734 2711 bello
757 2670 803 2711 et
819 2664 963 2710 virtus
979 2670 1024 2709 et
1037 2662 1220 2708 fortuna
1234 2659 1397 2706 enituit
1413 2657 1578 2711 Tullii;

138 2729 330 2791 fusoque
350 2730 526 2792 ingenti
547 2729 752 2775 hostium
775 2727 988 2781 exercitu,
1009 2726 1135 2772 haud
1157 2724 1321 2770 dubius
1343 2720 1481 2775 rex⁸⁶,
1502 2736 1583 2766 seu

142 2794 347 2848 Patrum,
374 2810 455 2839 seu
470 2794 631 2855 plebis,
659 2793 834 2839 animos
856 2791 1201 2853 periclitaretur,
1219 2788 1414 2833 Romam
1427 2784 1581 2831 rediit.

141 2857 507 2919 Aggrediturque
521 2857 627 2904 inde
645 2857 703 2903 ad
719 2857 843 2919 pacis
865 2857 1001 2916 longe
1022 2854 1272 2900 maximum
1295 2848 1481 2912 opus⁸⁷;
1509 2854 1579 2903 ut,

142 2921 526 2984 quemadmodum
549 2922 706 2968 Numa
727 2919 867 2967 divini
890 2925 1047 2966 auctor
1061 2917 1179 2981 juris
1201 2915 1376 2968 fuisset,
1400 2914 1467 2962 ita
1482 2913 1585 2961 Ser-
