1897 3287
255 238 342 289 176
886 254 931 284 T.
969 253 1122 285 mvn.

249 382 340 476 13)υῇ
361 381 444 476 11710
465 365 583 412 victo
605 365 876 430 relinqueret
906 367 1101 422 hostem,
1138 366 1315 428 integro
1348 365 1455 411 inde
1478 364 1700 412 decedens

282 446 306 477 e
341 446 367 476 o

313 466 499 541 LXIII.
536 495 665 540 Inter
689 496 790 541 haec
811 495 941 549 bella,
978 500 1190 539 manente
1224 494 1445 540 discordia
1467 493 1603 548 domi,
1640 493 1697 540 T.

251 558 493 604 Numicius
529 559 723 614 Priscus,
767 561 825 605 A.
873 559 1105 620 Virginius
1145 559 1350 604 consules
1392 558 1515 604 facti.
1590 558 1701 604 Non

248 622 369 668 ultra
399 623 636 669 videbatur
666 624 812 668 latura
849 623 1004 684 plebes
1044 622 1311 667 dilationem
1343 623 1531 684 agrariae
1567 622 1697 683 legiS‚

250 686 498 749 ultimaque
530 688 597 731 vis
619 688 875 748 parabatur,
914 703 1054 748 quum
1083 686 1273 731 Volscos
1300 687 1457 732 adesse
1490 687 1616 733 fumo
1644 702 1701 732 ex

249 750 469 797 incendiis
491 751 698 796 villarum
731 751 926 812 fugaque
948 751 1195 812 agrestium
1226 751 1458 812 cognitum
1481 758 1565 796 est.
1632 751 1702 796 Ea

250 830 322 860 res
351 822 576 860 maturam
603 815 698 876 jam
735 815 1001 860 seditionem
1035 831 1085 860 36
1114 817 1258 876 prope
1285 822 1597 876 erumpentem
1633 830 1701 860 re-

249 880 431 940 pressit.
501 879 735 934 Consules,
763 876 1147 941 coactf‘extemplo
1161 878 1216 926 ab
1233 887 1394 924 senatu
1409 879 1469 924 ad
1479 878 1700 934 11611111118,

252 943 415 989 educta
437 959 490 988 ex
511 943 622 988 urbe
639 943 890 1004 juventute,
928 944 1283 1005 tranquilliorem
1307 950 1502 989 ceteram
1523 941 1703 1005 plebem

250 1007 469 1053 fecerunt.
537 1007 599 1052 Et
620 1007 777 1053 hostes
801 1008 996 1070 quidem,
1032 1008 1150 1053 1111111
1166 1007 1290 1053 aliud
1312 1007 1484 1069 quam¹⁹
1506 1007 1704 1069 perfusis

251 1087 365 1117 vano
388 1072 551 1117 timore
575 1072 807 1126 RomaniS,
845 1072 983 1118 citato
1007 1074 1184 1133 agmine
1208 1072 1391 1117 abeunt.
1460 1071 1704 1117 Numicius

252 1137 445 1182 Antium
468 1136 682 1182 adversus
705 1137 907 1191 Volscos,
945 1137 1178 1198 Virginius
1202 1143 1358 1181 contra
1380 1136 1567 1197 AEquos,
1601 1151 1705 1198 pro-

253 1200 414 1246 fectus,
484 1201 557 1246 Ibi
575 1217 629 1246 ex
649 1201 828 1246 insidiis
845 1204 988 1263 prope
1010 1203 1175 1262 magna
1196 1203 1379 1262 accepta
1396 1200 1534 1255 clade,
1560 1200 1706 1245 virtus

251 1265 450 1310 militum
482 1281 592 1319 rem,
635 1265 895 1327 prolapsam
927 1266 1201 1327 negligentia
1232 1265 1444 1319 consulis,
1487 1265 1703 1311 restituit.

253 1328 424 1375 Melius
459 1329 508 1374 in
540 1329 718 1376 Volscis
750 1331 1023 1391 imperatum
1062 1337 1145 1375 est.
1215 1329 1327 1376 Fusi
1361 1330 1509 1391 primo
1544 1329 1706 1391 proelio

252 1393 421 1448 hostes,
464 1394 659 1456 fugaque
690 1395 740 1440 in
772 1395 979 1449 Antium,
1015 1395 1188 1449 urbem,
1230 1402 1284 1439 ut
1322 1401 1422 1439 tum
1454 1410 1526 1439 res
1560 1401 1701 1448 erant,

253 1458 658 1519 opulentissimam,
687 1459 802 1513 acti3
830 1475 966 1521 quam
989 1459 1147 1504 consul
1164 1474 1426 1520 oppugnare
1440 1474 1531 1504 non
1550 1473 1701 1512 3113113,

254 1522 499 1576 Cenonem,
543 1523 666 1568 aliud
699 1523 932 1584 oppidum,
975 1540 1259 1585 nequaquam
1292 1531 1386 1568 tam
1421 1522 1701 1584 opulentum,

254 1587 310 1632 ab
347 1587 613 1633 Antiatibus
652 1588 786 1649 cepit.
862 1586 985 1633 Dum
1029 1588 1167 1649 AEqui
1199 1587 1441 1648 Volscique
1475 1588 1706 1632 Romanos

254 1651 475 1697 exercitus
513 1658 684 1706 tenent,
737 1652 892 1697 Sabini
930 1668 1073 1713 usque
1110 1652 1167 1697 ad
1203 1659 1358 1713 portas
1397 1651 1523 1696 urbis
1561 1667 1705 1712 popu-

253 1716 438 1761 lantes²⁰
461 1716 712 1770 incessere3
750 1715 910 1762 deinde
933 1716 1022 1777 ipsi
1043 1716 1199 1777 paucis
1216 1723 1320 1776 post
1345 1715 1504 1760 diebus
1523 1715 1577 1760 ab
1597 1715 1707 1760 duo-

253 1780 339 1825 bus
378 1780 661 1834 exercitibus,
706 1787 898 1842 utroque
932 1796 1013 1842 per
1050 1781 1164 1825 iram
1200 1780 1383 1825 consule
1421 1779 1625 1840 ingresso
1659 1779 1708 1823 in

254 1846 380 1898 fines,
417 1845 520 1906 plus
545 1844 754 1899 cladium,
793 1848 927 1906 quam
949 1845 1209 1898 intulerant,
1248 1851 1532 1905 acceperunt.

319 1909 491 1954 LXIV.
529 1909 745 1954 Extremo
779 1925 898 1954 anno
919 1909 1043 1970 pacis
1068 1908 1237 1970 aliquid
1258 1908 1358 1962 fuit,
1399 1908 1489 1962 scd,
1517 1914 1568 1953 ut
1593 1923 1707 1953 sem-

253 1988 336 2034 per
368 1973 489 2027 31133,
529 1973 736 2018 sollicitae
770 1974 1012 2018 certamine
1047 1973 1234 2018 Pati-nm
1270 1979 1314 2017 et
1347 1973 1508 2034 plebis.
1584 1972 1710 2017 Irata

254 2037 382 2098 plebs
416 2037 632 2083 interesse
657 2038 966 2083 consularibus
991 2038 1185 2083 comitiis
1207 2037 1369 2082 noluit.
1439 2037 1526 2082 Per
1549 2036 1708 2082 Patres

255 2102 531 2164 clientesque
569 2102 758 2147 Patrum
804 2103 1010 2147 consules
1055 2102 1192 2147 creati
1235 2102 1289 2146 T.
1340 2101 1595 2155 Quinctius,
1645 2101 1705 2154 Q.

256 2166 484 2211 Servilius.
557 2167 759 2212 Similem
783 2183 952 2211 annum
974 2166 1113 2227 priori
1137 2166 1343 2211 consules
1370 2166 1556 2219 habent,
1593 2165 1708 2210 sedi-

253 2231 372 2276 tiosa
421 2231 563 2285 initia,
613 2231 731 2276 bello
776 2231 937 2276 deinde
981 2247 1031 2275 er
1014 2238 1164 2275 terno
1207 2237 1387 2292 tranqui
1377 2230 1464 2275 lla.
1535 2229 1704 2283 Sabini,

256 2295 576 2340 Crustuminos
611 2311 794 2357 campos
839 2296 975 2340 citato
1014 2295 1193 2356 agmine
1232 2296 1516 2356 transgressi,
1567 2309 1708 2354 quum

255 2360 402 2405 caedes
437 2366 481 2405 et
513 2360 722 2405 incendia
751 2360 918 2404 circum
953 2360 1043 2404 Ain
1049 2375 1177 2404 enem
1209 2359 1381 2404 flumen
1413 2358 1638 2411 fecissent,
1683 2360 1709 2402 a

253 2427 385 2486 porta
406 2428 550 2486 prope
585 2424 760 2469 Collina
794 2424 1110 2485 moenibusque
1142 2424 1277 2484 pulsi,
1314 2423 1521 2483 ingentes
1554 2428 1709 2466 tamen

253 2488 433 2550 praedas
475 2489 716 2533 hominum
758 2505 1060 2561 pecorumque
1104 2504 1249 2548 egere.
1322 2488 1448 2540 Quos
1494 2485 1709 2531 Servilius

255 2553 413 2598 consul
435 2553 603 2598 infesto
634 2554 833 2597 exercitu
862 2554 998 2597 insec
992 2560 1109 2606 itus,
1146 2552 1299 2612 ipsum
1330 2550 1513 2612 quidem
1545 2566 1708 2610 agmen

256 2617 445 2679 adipisci
468 2617 609 2678 aequis
631 2617 741 2661 locis
759 2633 850 2661 non
867 2617 1047 2677 potuit3
1083 2615 1423 2677 populationem
1437 2613 1549 2659 adeo
1566 2614 1710 2659 effuse

255 2682 374 2735 fecit,
413 2689 466 2726 ut
488 2681 603 2726 nihil
625 2681 741 2726 bello
763 2681 988 2725 intactum
1022 2680 1305 2741 relinqueret,
1342 2677 1708 2740 multiplicique²¹

258 2749 388 2806 capta
419 2745 574 2807 praeda
607 2745 788 2790 rediret.
857 2745 918 2789 Et
949 2745 999 2788 in
1032 2744 1208 2789 Volscis
1241 2743 1496 2805 respublica
1529 2741 1710 2804 egregie

257 2818 396 2869 gesta,
424 2827 564 2871 quum
588 2810 728 2863 ducis,
765 2816 865 2853 tum
888 2808 1100 2863 militum,
1128 2810 1278 2869 opera.
1348 2807 1554 2854 Primum
1578 2826 1712 2874 aequo

257 2889 415 2933 campo
440 2875 581 2935 signis
604 2874 776 2919 collatis
799 2883 1067 2936 pugnatum,
1103 2876 1277 2937 ingenti
1295 2877 1457 2923 636(1612
1479 2877 1705 2936 utrinque,

257 2937 452 2999 plurimo
493 2939 741 3000 sanguine3
787 2948 832 2985 et.
867 2941 1073 2995 Romani,
1126 2942 1228 3002 quia
1264 2941 1506 3002 pauc-itas‘23
1543 2941 1709 2985 damno
