1897 3287
623 212 787 248 hinnit
813 216 871 246 11.
900 214 944 245 c.
971 214 1134 245 xxnr.
1530 199 1617 244 139

173 333 355 391 duxisse
378 330 570 383 aiebant,
596 328 770 389 aliaque
792 326 967 372 militiae
992 325 1151 371 decora
1171 324 1318 385 vulgo,
1355 324 1621 370 miserantes

174 391 291 451 Eum,
324 395 572 457 jactabant.
621 393 741 454 Ipse,
776 399 914 437 testes
953 390 1249 434 honestarum
1301 387 1471 448 aliquot
1510 388 1621 433 locis

172 475 442 522 pugnarum,
470 457 697 503 cicatrices
730 455 918 501 adverso
950 461 1132 515 pectore
1165 451 1436 496 ostentabat.
1497 451 1621 496 -Scis-

173 524 417 570 citantibus
455 528 484 547 “
502 521 622 566 unde
644 520 719 565 ille
741 519 925 564 habitus
943 517 960 562 ἲ
985 517 1106 561 unde
1130 515 1391 560 deformitas
1405 512 1454 558 22’
1483 530 1621 575 quum

172 587 446 634 circumfusa
487 585 623 630 turba
667 591 784 629 esset
826 585 971 644 prope
1013 581 1062 625 in
1119 578 1366 624 ‘concionis‘²
1416 577 1618 632 modum,

176 651 393 697 “Sabino
424 649 591 703 bello,”
631 648 706 702 ait,
748 654 843 692 “se
876 646 1163 697 militantem,
1202 643 1305 704 quia
1339 648 1518 702 propter
1544 657 1622 702 po-

175 714 477 777 “pulationes
513 713 609 774 agii
647 728 739 757 non
773 711 925 756 fructu
961 708 1097 754 modo
1135 706 1341 759 caruerit,
1404 705 1483 750 sed
1519 705 1624 750 villa

176 787 205 804 “
224 781 407 824 incensa
428 778 580 831 fuerit,
607 777 783 837 direpta
816 774 982 827 omnia,
1017 788 1181 834 pecora
1203 771 1374 823 abacta,
1400 770 1623 814 tributum

121 904 124 906 -
177 844 378 905 “iniquo
413 858 494 888 suo
527 839 750 902 tempore⁵
783 839 1070 900 imperatum,
1109 853 1172 881 aes
1205 835 1403 880 alienum
1435 833 1618 878 fecisse:

174 914 205 933 ‘⁶
222 908 284 962 id,
310 906 591 952 cumulatum
614 904 777 957 usuris,
813 902 960 964 primo
993 918 1041 946 se
1075 916 1182 961 agro
1203 908 1394 961 paterno
1416 898 1623 958 avitoque

174 977 205 996 “
224 972 413 1024 exuisse,
442 969 603 1015 deinde
625 968 820 1013 fortunis
844 967 943 1011 aliis
964 983 974 1010 ε
1018 964 1262 1027 postremo,
1289 962 1412 1008 velut
1434 960 1620 1015 tabemss,

175 1042 206 1061 “
222 1035 478 1096 pervenisse
501 1033 559 1078 ad
582 1048 760 1093 corpus
828 1030 1031 1076 Ductum
1055 1045 1101 1074 se
1124 1029 1179 1073 ab
1203 1027 1436 1081 creditore,
1461 1042 1554 1071 non
1575 1026 1624 1070 in

177 1107 206 1125 “
225 1100 471 1152 servitium,
514 1097 596 1143 sed
627 1097 676 1141 in
720 1094 999 1157 ergastulum
1038 1099 1083 1138 et
1126 1091 1443 1144 carnificinam,
1472 1090 1619 1135 esse.’'

173 1164 286 1209 Inde
311 1171 538 1208 ostentare
571 1168 766 1221 tergum,
803 1158 977 1203 foedum
1009 1156 1263 1201 recentibus
1296 1155 1498 1215 vestigiis
1527 1170 1623 1199 ver-

171 1229 344 1273 berum.
413 1226 490 1272 Ad
521 1225 622 1270 haec
654 1224 750 1268 visa
789 1222 1030 1282 auditaque
1069 1221 1238 1266 clamor
1268 1219 1429 1279 ingens
1463 1219 1619 1263 oritur.

171 1293 279 1337 Non
307 1292 404 1353 jam
437 1290 534 1335 foro
571 1305 618 1333 se
648 1288 874 1332 tumultus
909 1285 1124 1338 continet,
1164 1283 1244 1328 sed
1274 1282 1446 1344 passim
1479 1291 1624 1327 totam

169 1357 329 1401 urbem
352 1353 572 1416 pervadit.
642 1352 779 1397 Nexu
811 1349 972 1395 w'ncti7
1015 1348 1240 1408 solutique
1275 1363 1322 1391 se
1354 1346 1553 1407 undique
1575 1346 1623 1390 in

169 1419 405 1482 publicum
427 1416 707 1479 proripiunt3
733 1414 979 1475 implorant
1003 1412 1253 1466 Quiritium
1275 1411 1428 1455 fidem.
1482 1410 1623 1455 Nullo

169 1484 269 1530 loco
293 1483 417 1528 deest
442 1481 676 1527 seditionis
698 1476 1001 1525 voluntarius8
1035 1492 1200 1522 comes.
1253 1475 1418 1520 Multis
1452 1475 1624 1535 passim

171 1548 429 1610 agminibus
452 1562 532 1608 per
546 1560 704 1590 omnes
717 1544 812 1589 vias
831 1559 935 1589 cum
953 1541 1146 1587 clamore
1168 1541 1217 1585 in
1239 1540 1388 1584 forum
1411 1538 1621 1583 curritur.

170 1613 346 1674 Magno
370 1628 474 1658 cum
496 1609 696 1672 periculo
721 1624 816 1662 suo,
844 1606 921 1669 qui
943 1606 1057 1652 forte
1082 1605 1269 1650 Pati-um
1291 1604 1340 1647 in
1363 1602 1459 1647 foro
1478 1610 1620 1655 erant,

169 1677 217 1722 in
262 1692 361 1722 eam
406 1675 588 1721 turbam
628 1673 908 1724 inciderunt3
950 1686 1034 1715 nec
1068 1674 1370 1729 temperatum
1413 1666 1622 1710 manibus

170 1741 301 1795 feret,
328 1740 378 1785 ni
399 1754 590 1802 propere
613 1736 834 1790 consules,
872 1735 926 1780 P.
954 1733 1166 1779 Servilius
1190 1739 1234 1778 et
1256 1732 1348 1792 Ap.
1386 1729 1618 1784 Claudius,

172 1805 230 1850 ad
269 1802 657 1865 comprimendam
694 1800 962 1846 seditionem
996 1796 1359 1843 intervenissent.
1450 1794 1508 1839 In
1546 1809 1622 1839 eos

170 1868 418 1914 multitudo
457 1883 585 1913 versa
617 1872 845 1911 ostentare
877 1862 1056 1908 tinnula
1089 1878 1170 1906 sua
1203 1858 1621 1919 deformitatemque

172 1933 321 1978 aliam.
370 1932 489 1977 Haec
513 1947 560 1976 se
582 1931 768 1975 meritos
785 1929 943 1981 dicere,
963 1926 1261 1987 exprobantes
1281 1940 1408 1969 suam
1433 1924 1621 1984 quisque

171 1998 286 2043 alius
319 1997 426 2042 alibi
456 1995 681 2041 militiam.
751 1992 987 2039 Postulare
1018 1990 1163 2036 multo
1193 1988 1428 2034 minaciter
1459 1988 1619 2047 magis,

171 2064 306 2123 quam
331 2060 608 2122 suppliciter,
635 2065 687 2104 ut
711 2065 920 2103 senatum
952 2061 1167 2100 vocarent
1187 2074 1197 2108 ;
1234 2053 1493 2113 curiamque
1515 2051 1618 2112 ipsi,

170 2126 315 2171 futuri
336 2125 494 2171 arbitri
526 2123 920 2182 moderatoresque
954 2118 1124 2182 publici
1156 2117 1344 2171 consilii,
1369 2115 1622 2162 circumsis-

170 2197 291 2235 tunt.
361 2189 501 2235 Pauci
533 2187 780 2233 admodum
814 2186 1018 2238 Patrum,
1060 2199 1173 2245 quos
1207 2197 1337 2227 casus
1375 2179 1617 2234 obtulerat,

172 2254 393 2300 contracti
427 2252 486 2298 ad
520 2252 757 2305 consules;
793 2257 964 2297 ceteros
1002 2254 1152 2293 metus
1189 2262 1283 2291 non
1315 2244 1438 2290 curia
1468 2243 1617 2299 modo,

174 2318 255 2364 sed
269 2318 407 2363 etiam
421 2316 533 2371 foro,
555 2316 757 2370 arcebat;
792 2330 876 2360 nec
898 2312 973 2375 agi
1005 2311 1245 2373 quicquam
1266 2325 1348 2371 per
1367 2308 1622 2369 infrequen-

171 2381 305 2427 tiam⁹
326 2389 505 2443 poterat
544 2379 741 2426 senatfis.
808 2379 929 2423 Tum
963 2376 1068 2421 vero
1100 2374 1221 2420 eludi
1253 2380 1386 2434 atque
1410 2371 1621 2417 extrahi1⁰

173 2463 222 2492 se
243 2445 488 2491 multitudo
510 2452 670 2506 putare
689 2463 700 2498 ;
727 2448 771 2488 et
793 2443 987 2488 Patrum
1011 2438 1118 2502 quill
1140 2439 1362 2492 abessent,
1383 2452 1475 2481 non
1497 2451 1618 2489 casu,

173 2525 267 2555 non
287 2516 429 2564 metu,
458 2509 537 2556 sed
558 2506 862 2570 impediendae
883 2505 950 2551 rei
973 2505 1120 2558 causa,
1150 2502 1321 2556 abesse,
1347 2507 1392 2546 et
1415 2500 1621 2545 consules

172 2574 298 2634 ipsos
320 2573 605 2634 tergiversari
622 2593 633 2626 3
669 2588 752 2617 nec
775 2569 911 2616 dubie
932 2568 1129 2614 ludibrio
1151 2582 1248 2612 esse
1270 2565 1475 2612 miserias
1499 2580 1619 2609 suas.

174 2638 280 2684 Jam
301 2653 444 2699 prope
466 2645 574 2691 erat,
608 2642 661 2681 ut
692 2652 749 2681 ne
783 2633 1020 2681 consulum
1053 2631 1236 2694 quidem
1267 2629 1479 2691 majestas
1501 2634 1622 2673 coer-

174 2709 295 2746 ceret
306 2701 396 2746 iras
412 2701 673 2754 hominum3
695 2716 850 2761 quum,
865 2697 1039 2750 incerti,
1056 2694 1288 2748 morando,
1307 2710 1364 2739 an
1384 2691 1619 2746 veniendo,

174 2765 278 2826 plus
300 2765 488 2826 periculi
518 2765 849 2817 contraherent,
882 2761 1067 2807 tandem
1096 2760 1145 2804 in
1173 2756 1619 2808 senatum-veniunt;

174 2828 485 2891 frequentique
506 2829 691 2873 tandem
722 2827 856 2881 curia,
886 2842 979 2871 non
1001 2823 1169 2869 modo12
1201 2822 1320 2867 inter
1342 2821 1513 2874 PatreS,
1542 2819 1622 2866 sed

175 2909 233 2938 ne
291 2893 411 2938 inter
465 2892 672 2939 consules
721 2890 903 2953 quidem
952 2889 1092 2952 ipsos,
1144 2887 1255 2932 satiS
1312 2884 1619 2932 conveniebat.
