1897 3287
243 209 329 252 132
852 222 898 252 Τ.
935 219 1089 251 Livii.

237 334 412 389 deinde,
451 350 509 381 ne
547 333 716 396 populo
753 334 959 380 immisso
999 334 1300 395 diriperentur
1334 332 1575 387 hostiliter,
1614 346 1683 378 ver

235 399 396 445 11ἰ55631
406 419 418 454 ;
450 399 656 460 bonaque
671 399 883 444 Porsenae
898 399 1135 460 appellata,
1162 399 1354 460 gratiam
1376 398 1578 443 muneris
1593 413 1685 442 ma-

235 465 306 525 gis
343 464 623 524 significante
659 463 806 517 titulo,
841 466 980 524 quani
1002 463 1267 522 auctionem
1301 463 1497 508 fortunae
1530 462 1682 522 regiae,

236 544 339 589 quae
368 545 426 574 ne
459 528 509 573 in
545 527 863 588 potestatem³²
883 515 1083 574 '‘ujdem
1119 526 1278 587 populi
1313 527 1509 572 Romani
1546 533 1735 610 esset4

236 592 421 638 Omisso
461 593 668 638 Romano
705 591 837 644 bello,
949 606 1104 658 rffina„
1133 607 1191 636 ne
1228 590 1397 636 frustra
1425 591 1474 636 in
1504 606 1555 635 ea
1587 590 1685 635 loca

237 657 458 702 exercitus
481 656 703 701 adductus
724 653 964 708 videretur,
1003 671 1107 700 cum
1136 661 1265 716 parte
1286 655 1517 716 copiarum
1539 654 1683 699 filium

237 720 683 783 Aruntem-gariciam
719 726 1033 780 oppugnatum
1067 719 1227 764 mittit.
1295 719 1449 765 Primo
1475 719 1684 764 Aricinos

237 801 310 830 res
333 785 602 846 necopinata
623 784 891 845 perculerat.
943 783 1178 846 &ggessi-ta
1201 783 1362 829 deinde
1385 783 1563 837 auxilia,
1589 792 1635 828 et
1659 786 1684 827 'a

240 849 419 895 Latinis
440 848 634 909 populis,
663 854 708 893 et
736 850 762 892 a
785 846 957 901 Cumis,
983 839 1163 892 'tafifsffii
1198 848 1296 908 spei
1328 848 1485 902 fecere,
1511 856 1562 892 ut
1591 848 1685 892 acie

238 912 474 959 decernere
498 912 729 957 auderent.
799 911 964 957 Praelio
985 911 1114 966 inito,
1141 911 1252 957 adeo
1269 912 1493 957 concitato
1509 912 1686 972 impetu

239 994 287 1023 se
309 978 555 1022 intulerant
579 975 773 1030 Etrusci,
800 983 853 1021 ut
874 975 1116 1022 funderent
1138 977 1239 1037 ipso
1256 977 1441 1021 incursu
1458 976 1682 1021 Aricinos.

240 1042 459 1088 Cumanae
484 1041 706 1094 cohortes,
733 1048 829 1085 arte
865 1040 1078 1086 adversus
1101 1041 1193 1085 vim
1222 1057 1332 1095 usae,
1361 1039 1638 1086 declinavere
1648 1039 1685 1065 ³³

236 1106 503 1167 paullulum,
545 1105 773 1166 effuseque
806 1104 1020 1166 praelatos
1041 1104 1255 1159 hostes³⁴‚
1283 1104 1509 1150 conversis
1527 1104 1682 1165 signis,

237 1170 293 1215 ab
318 1179 444 1231 tergo
468 1169 640 1215 adortae
664 1177 786 1214 sunt.
856 1170 930 1214 Ita
951 1169 999 1214 in
1027 1169 1177 1215 medio
1207 1172 1351 1231 prope
1377 1169 1473 1231 jam
1497 1168 1686 1214 victores

237 1235 343 1280 caesi
372 1234 569 1279 Etrusci.
619 1234 730 1279 Pars
752 1234 1008 1294 perexigua,
1037 1233 1149 1279 duce
1173 1234 1354 1286 omisso,
1382 1233 1488 1295 quia
1509 1232 1686 1278 nullum

235 1299 423 1360 propius
457 1297 716 1359 perfugium
751 1305 860 1352 erat,
896 1299 1091 1343 Romam
1125 1298 1320 1344 inermes
1355 1306 1399 1343 et
1433 1297 1617 1344 fortuna
1642 1304 1688 1343 et

238 1362 386 1424 specie
410 1363 666 1424 supplicum
697 1361 834 1408 delati
873 1370 995 1408 sunt.
1043 1362 1117 1408 Ibi
1145 1362 1341 1424 benigno
1363 1361 1540 1423 excepti
1577 1362 1687 1407 djvi-

237 1428 363 1490 sique
406 1427 455 1472 in
501 1427 716 1488 hospitia.
799 1426 980 1472 Curatis
1034 1427 1310 1480 wilneribus,
1368 1426 1443 1471 alii
1496 1426 1688 1487 profecti

236 1491 410 1546 domOS,
437 1492 591 1537 nuncii
612 1491 908 1552 hospitalium
930 1491 1251 1537 beneficiorum
1273 1511 1284 1545 ;
1333 1490 1501 1535 multos
1526 1491 1687 1536 Romae

235 1556 471 1617 hospitum
493 1556 706 1617 urbisqu'e
729 1556 890 1601 caritas
913 1556 1075 1601 tenuit.
1134 1555 1224 1601 His
1246 1555 1372 1601 locus
1394 1555 1452 1600 ad
1480 1555 1687 1600 habitan-

236 1621 346 1665 dum
370 1620 517 1674 datus,
544 1636 677 1681 quem
701 1619 863 1665 deinde
890 1621 1135 1665 “Tuscum
1157 1620 1356 1673 vicum,'’
1383 1619 1682 1681 appellarunt.

302 1685 404 1730 XV.
457 1685 508 1730 P.
551 1683 837 1730 Lucretius³⁵
887 1684 992 1730 inde
1030 1692 1073 1729 et
1120 1685 1173 1729 P.
1212 1684 1419 1730 Valerius
1457 1683 1691 1729 Publicola
1720 1680 1886 1747 ζῖςξκυμ

237 1749 443 1795 consules
465 1749 588 1794 facti.
659 1749 728 1794 Eo
750 1764 869 1793 anno
895 1748 1180 1810 postremum
1203 1748 1340 1809 legati
1363 1751 1389 1792 a
1413 1739 1611 1793 Porse’iia
1632 1746 1746 1797 de
1775 1779 1808 1807 .5
1828 1776 1897 1805 μς

239 1813 494 1859 reducendo
517 1814 565 1858 in
587 1829 778 1875 regnum
800 1813 1047 1875 Tarquinio
1065 1811 1299 1859 venerunt.
1354 1813 1531 1866 Quibus
1547 1829 1687 1874 quum

236 1894 506 1940 responsum
539 1886 671 1932 esset,
697 1878 947 1922 missurum
981 1877 1039 1923 ad
1068 1894 1220 1939 regem
1258 1888 1465 1922 senatum
1496 1877 1684 1937 legatos,

197 1943 367 2007 s'vmissi
401 1942 639 1988 confestim
687 1942 1067 1987 honoratissimus
1123 1942 1312 2004 quisque
1359 1959 1412 1986 ex
1457 1942 1685 1986 Patribus.

242 2008 412 2061 “Nom
458 1998 608 2068 qffinsc,
642 2007 838 2052 breviter
871 2006 1000 2052 reddi
1037 2022 1307 2068 responsum
1344 2006 1556 2067 potuerit,
1597 2021 1688 2050 non

243 2079 272 2097 “
290 2072 430 2133 recipi
452 2087 593 2132 reges,
615 2071 721 2132 {dep
743 2070 898 2132 potius
923 2071 1119 2116 delectos
1151 2071 1338 2115 Patrum
1363 2069 1421 2114 ad
1454 2086 1558 2115 eum
1581 2071 1689 2114 mis-

242 2143 273 2161 “
291 2153 378 2190 sos,
407 2138 541 2198 quarn
563 2135 723 2196 legatis
748 2135 843 2196 ejus
868 2136 1030 2194 Bpjnae
1060 2135 1243 2180 daretur
1273 2150 1571 2196 responsum;
1610 2134 1690 2179 sed

243 2207 273 2226 “
290 2210 341 2246 ut
363 2201 411 2245 in
433 2210 704 2261 perpetuum
726 2199 898 2266 mentio
916 2200 1013 2269 ejus
1035 2200 1099 2245 rei
1122 2200 1340 2253 finiretur,
1367 2215 1457 2244 neu
1477 2199 1527 2244 in
1549 2199 1689 2244 tantis

243 2271 273 2290 “
289 2265 462 2311 mutuis
484 2264 713 2310 beneficiis
735 2264 784 2309 in
804 2264 949 2310 vicem
967 2264 1112 2310 animi
1136 2264 1511 2316 sollicitarentur3
1549 2279 1688 2324 quum

243 2330 362 2375 “ille
416 2336 604 2391 peteret,
653 2328 775 2390 quod
810 2337 967 2374 contra
1010 2329 1265 2374 libertatem
1301 2328 1459 2389 populi
1495 2327 1690 2372 Romani

243 2400 438 2448 “esset3
477 2394 686 2447 Romani,
719 2393 853 2438 nisi³⁷
877 2393 924 2438 in
960 2393 1204 2454 pern-i—ciem
1241 2409 1369 2437 suam
1408 2392 1560 2436 faciles
1592 2407 1687 2436 6556

243 2458 469 2512 “vellent,
495 2464 726 2518 negarent,
753 2457 826 2502 cui
860 2457 976 2502 nihil
1011 2464 1228 2518 negatum
1250 2456 1431 2501 vellent.
1501 2455 1608 2500 Non
1641 2455 1688 2500 in

242 2528 429 2584 “regno
472 2522 692 2583 populum
729 2523 1003 2575 Romanum,
1060 2521 1140 2566 sed
1179 2522 1228 2566 in
1262 2520 1484 2573 libertate,
1525 2518 1685 2564 esse³⁸.

243 2593 274 2612 “
293 2588 366 2632 Ita
387 2585 620 2632 induxisse
652 2586 700 2630 in
724 2586 941 2639 animum,
968 2585 1179 2630 hostibus
1214 2582 1381 2646 potius,
1411 2586 1545 2644 quam
1575 2584 1689 2644 regi-

245 2657 275 2675 “
292 2651 390 2705 bus,
417 2656 572 2712 portas
595 2649 863 2711 patefacere.
905 2650 1020 2695 Eam
1044 2665 1141 2694 esse
1163 2649 1444 2694 voluntatem
1467 2647 1685 2700 omnium,

246 2721 276 2739 “
294 2724 345 2760 ut
369 2715 446 2776 qui
480 2714 679 2760 libertati
714 2714 799 2758 erit
833 2714 882 2758 in
903 2713 981 2758 illa
1026 2714 1138 2758 urbe
1173 2713 1291 2766 finis,
1318 2712 1440 2757 idem
1474 2712 1577 2756 urbi
1611 2712 1686 2756 sit.

250 2784 281 2804 “
299 2778 508 2833 Proinde,
537 2777 574 2824 si
598 2777 766 2824 salvam
795 2793 893 2823 esse
914 2777 1049 2822 vellet
1084 2778 1293 2830 Romam,
1319 2785 1371 2821 ut
1406 2776 1607 2838 patiatur
1637 2775 1690 2820 li-

245 2846 279 2868 “
294 2841 447 2888 beram
470 2858 581 2896 esse,
608 2842 783 2888 orare.''
854 2842 953 2886 Rex
975 2841 1243 2887 verecundia
1258 2841 1420 2895 victus,
1451 2846 1481 2865 “
1496 2838 1693 2893 Quando

247 2906 345 2953 “id
365 2913 536 2953 certum
561 2914 696 2970 atquc
731 2906 1011 2953 obstinatum
1047 2906 1163 2959 est,''
1203 2905 1365 2966 inquit,
1396 2911 1425 2929 “
1441 2919 1584 2966 neque
1603 2918 1689 2965 ego
