1897 3287
319 187 411 232 266
926 203 971 234 T.
1009 202 1164 235 L1v11.

320 321 349 341 “
368 318 503 378 quam
548 315 721 370 tulisse,
763 315 907 362 videri
948 317 1155 379 posset.''
1248 317 1404 372 Quum
1448 317 1508 363 ad
1550 319 1774 365 rumores⁷

315 380 555 427 hominum
579 381 634 427 de
656 397 929 442 unoquoque
941 381 1096 443 legum
1113 381 1261 443 capite
1284 382 1406 428 edito
1429 383 1540 428 satis
1563 391 1777 430 correctae

316 446 589 500 viderentur,
635 446 899 491 centuriatis
935 447 1133 491 comitiis
1174 446 1328 492 decem
1359 446 1619 492 tabularum
1653 448 1777 509 leges

315 511 503 572 perlatae
528 518 635 556 sunt
652 531 664 564 ;
702 511 778 572 qui
802 527 923 555 nunc
941 526 1132 571 quoque,
1159 511 1208 556 in
1228 511 1317 557 hoc
1337 511 1563 557 immenso
1585 511 1777 558 aliarum

318 593 453 638 super
502 576 613 621 alias
662 582 970 620 acervatarum
1019 575 1175 636 legum
1224 576 1422 630 cumulo,
1473 576 1577 621 fons
1626 577 1776 622 omnis

315 641 486 702 publici
523 641 775 702 privatique
815 646 885 683 est
921 639 1064 701 juris.⁴
1125 638 1351 700 Vulgatur
1403 640 1567 686 deinde
1619 657 1777 687 rumor

317 706 430 752 duas
455 706 609 751 deesse
633 704 811 749 tabulas
833 723 843 757 ;
871 703 1036 764 quibus
1060 702 1263 764 adjectis,
1289 705 1463 750 absolvi
1495 721 1631 766 posse
1652 705 1777 751 velut

317 787 479 832 corpus
503 769 652 815 onmis
681 768 879 813 Romani
906 767 1039 829 juris,
1110 768 1179 812 Ea
1197 769 1488 830 exspectatio,
1514 786 1656 831 quum
1679 770 1776 816 dies

316 836 603 881 comitiorum
638 833 1036 894 appropinquaret,
1074 831 1349 877 desiderium
1383 833 1659 879 decemviros
1690 835 1774 880 ite-

316 917 417 945 rum
454 898 636 945 creandi
665 898 787 943 fecit.
817 891 965 960 (OJam
999 897 1143 958 plebs,
1180 905 1488 959 praeterquam
1522 898 1644 960 quod
1671 915 1776 944 con-

317 965 467 1010 sulum
490 979 669 1017 nomen,
707 962 833 1007 haud
860 978 989 1007 secus
1020 964 1156 1024 quam
1177 978 1352 1023 regum,
1388 979 1551 1024 perosa
1573 970 1681 1017 erat,
1718 980 1776 1010 ne

314 1029 609 1074 tribunicium
644 1027 827 1089 quidem
862 1027 1096 1080 auxilium,
1139 1026 1405 1072 cedentibus
1444 1027 1658 1073 invicem⁸
1698 1044 1775 1090 ap-

313 1094 556 1156 pellatione
580 1092 859 1145 decemviris,
887 1082 1182 1153 quaerebant)

379 1158 578 1205 XXXV.
623 1157 873 1218 Postquam
907 1156 1012 1201 vero
1050 1155 1235 1202 comitia
1269 1156 1534 1202 decemviris
1570 1156 1775 1202 creandis

314 1224 361 1269 111
384 1223 555 1269 trinum
573 1220 851 1267 nundinum9
873 1221 1074 1266 indicata
1091 1226 1212 1275 sunt,
1238 1228 1367 1266 tanta
1385 1222 1551 1268 exarsit
1568 1222 1772 1276 ambitio,

314 1296 365 1334 ut
392 1289 612 1349 primores
637 1303 815 1348 quoque
847 1285 1042 1331 civitatis
1074 1285 1234 1346 (mem,
1267 1286 1414 1340 credo,
1451 1302 1509 1331 ne
1533 1286 1650 1331 tanti
1671 1302 1775 1348 pos-

317 1354 456 1398 sessio
478 1352 673 1414 imperii,
698 1367 840 1396 vacuo
863 1351 919 1396 ab
944 1366 991 1396 se
1013 1350 1169 1396 relicto
1187 1351 1301 1405 loco,
1338 1350 1463 1396 haud
1487 1351 1598 1396 saffis
1621 1350 1774 1412 dignis

314 1417 510 1479 pateret)
536 1421 804 1478 prensarent
823 1415 1048 1469 homines,
1087 1415 1322 1470 honorem,
1361 1418 1539 1461 summa
1571 1431 1656 1476 ope
1679 1418 1705 1460 a
1727 1431 1775 1460 se

314 1481 686 1543 impugnatumm,
726 1481 781 1526 ab
807 1483 856 1525 ea
877 1480 1023 1541 plebe,
1062 1497 1165 1525 cum
1190 1483 1278 1542 qua
1300 1480 1640 1534 contenderant,
1668 1496 1774 1542 sup-

314 1548 491 1609 pliciter
512 1553 735 1609 petentes.
806 1545 1020 1591 Demissa
1043 1545 1140 1607 jam
1169 1545 1219 1590 in
1247 1544 1520 1590 discrimenll
1557 1544 1770 1606 dignitas,

315 1617 365 1658 ea
395 1619 544 1666 aetate,
581 1612 726 1672 iisque
759 1610 1010 1655 honoribus
1045 1610 1172 1664 actis,
1211 1610 1475 1655 stimulabat
1506 1610 1599 1670 Ap.
1640 1609 1775 1655 Clau-

316 1678 471 1731 dium3
508 1677 704 1721 nescires
727 1674 885 1720 utrum
907 1675 1025 1719 inter
1060 1674 1350 1729 decemriros,
1389 1691 1447 1719 an
1468 1675 1588 1720 inter
1622 1673 1774 1720 candi-

316 1743 459 1795 datos,
503 1757 781 1786 numerares.
853 1739 1043 1800 Propior
1080 1739 1312 1784 interdum
1346 1738 1594 1800 petendoffl,
1638 1741 1775 1800 quam

315 1806 525 1867 ί661ἐὲ111111,
564 1804 855 1866 magistratui
879 1811 1001 1858 erat3
1039 1803 1269 1849 criminari
1291 1801 1596 1865 optimates¹33
1633 1803 1775 1849 extol-

314 1872 404 1917 lere
427 1870 770 1916 candidatorum
801 1869 1082 1913 levissimum
1113 1884 1335 1930 quemque
1357 1868 1772 1930 humillimumque.

317 1937 424 1998 Ipse
451 1935 628 1980 medius
659 1935 778 1979 inter
809 1933 1075 1978 tribunicios
1107 1933 1287 1978 Duilios
1323 1933 1564 1995 Iciliosque
1597 1933 1643 1978 in
1676 1933 1775 1978 foro

315 2001 525 2053 volitare3
561 2016 642 2061 per
659 1999 760 2044 illos
781 2015 827 2044 se
850 1998 973 2059 plebi
994 1997 1254 2051 venditare3
1293 1997 1435 2043 donec
1457 1998 1641 2059 collegae
1665 2014 1775 2059 quo-

317 2082 417 2127 que,
447 2065 523 2126 qui
545 2064 769 2110 unice-illi
793 2063 935 2108 dediti
957 2063 1137 2107 fuerant
1160 2062 1217 2107 ad
1239 2062 1287 2107 id
1309 2070 1504 2123 tempus,
1545 2062 1774 2124 conjecere

316 2131 363 2175 in
388 2146 492 2176 eum
510 2129 679 2182 oculos,
706 2129 923 2173 mirantes
948 2127 1058 2189 quid
1075 2127 1161 2172 sibi
1182 2127 1331 2172 vellet.
1401 2127 1636 2188 Apparere
1659 2126 1776 2172 nihil

318 2195 480 2240 sinceri
525 2210 638 2239 esse.
725 2192 980 2238 “Profecto
1033 2192 1160 2236 haud
1213 2191 1494 2253 gratuitaml*
1545 2192 1595 2236 111
1648 2193 1776 2237 tanta

321 2266 351 2284 “
370 2259 577 2321 superbia
617 2258 878 2303 comit-atem
914 2257 1024 2302 fore.
1100 2257 1313 2301 Nimium
1347 2257 1396 2300 111
1439 2255 1682 2301 ordinem¹⁵
1727 2271 1775 2301 se

323 2325 519 2386 “ipsum
573 2339 744 2384 cogere,
804 2329 849 2367 et
899 2321 1074 2382 wulgari
1125 2337 1228 2367 cum
1282 2321 1487 2382 privatis,
1535 2337 1628 2366 non
1679 2326 1774 2365 tam

322 2389 656 2451 “properantis
702 2387 824 2432 abire
879 2387 1164 2447 magistratu,
1224 2389 1359 2447 quam
1402 2386 1522 2430 riam
1567 2385 1626 2430 ad
1670 2400 1775 2430 con-

323 2453 642 2500 “tinuandum
686 2452 1006 2513 magistratum
1052 2450 1310 2511 quaerentis,
1369 2450 1514 2495 esse.'’
1606 2450 1775 2511 Propa-

316 2519 408 2563 lam
452 2518 630 2563 obviam
667 2517 733 2561 ire
772 2515 1013 2577 cupiditati
1055 2531 1216 2576 parum
1261 2514 1374 2567 ausi,
1421 2513 1772 2559 obsecundando

316 2583 491 2628 mollire
518 2582 743 2642 impetum
771 2580 1111 2640 aggrediuntur.
1181 2579 1483 2624 Comitiorum
1512 2579 1577 2624 illi
1605 2579 1775 2624 haben-

318 2648 495 2704 dorum,
534 2645 714 2708 quando
747 2645 966 2690 minimus
993 2651 1106 2688 natu
1134 2643 1207 2698 sit,
1243 2659 1412 2688 munus
1448 2659 1672 2689 consensu
1707 2643 1775 2688 in-

316 2713 529 2773 jungunt.
599 2711 689 2755 Ars
718 2710 820 2754 haec
848 2709 956 2763 erat,
994 2724 1050 2753 ne
1090 2715 1233 2753 semet
1271 2707 1369 2768 ipse
1405 2724 1554 2754 creare
1588 2714 1773 2769 posset;

317 2776 453 2838 quod,
503 2782 672 2837 praeter
715 2774 922 2819 tribunos
965 2772 1124 2833 plebis,
1180 2772 1245 2833 (et
1288 2772 1337 2817 id
1379 2772 1532 2834 ipsum
1575 2771 1776 2834 pessimo

315 2839 563 2902 exemplo,)
599 2855 733 2884 nemo
765 2853 962 2899 unquam
990 2837 1186 2882 fecisset.
1255 2836 1339 2882 Ille
1373 2837 1615 2890 enimvero,
1651 2835 1774 2898 quod

319 2905 431 2950 bene
467 2911 627 2958 vertat,
677 2903 944 2949 habiturum
985 2917 1032 2947 se
1069 2901 1251 2946 comitia
1285 2902 1533 2963 professus,
1582 2899 1772 2963 impedi-
