1897 3287
335 222 390 269 16
946 240 994 273 τ.
1032 238 1188 273 mvn.

328 351 450 416 ¹tgris
471 368 567 401 non
587 351 778 410 invenit,
805 352 1093 403 dimicationi
1113 354 1294 402 ultimae
1310 353 1347 382 ⁸⁴
1377 354 1633 401 instructus
1655 353 1805 402 inten-

325 424 506 482 tusque,
532 419 738 466 Tiberim
760 421 942 468 transit.
1002 422 1154 477 Quem
1175 427 1423 483 postquam
1446 426 1596 467 castra
1616 435 1801 483 ponere,

326 492 372 531 et
416 485 476 531 ad
524 485 687 532 urbem
737 501 1030 533 accessurum
1073 486 1290 549 Vejentes
1347 485 1574 541 audivere,
1623 485 1806 532 obviam

325 551 510 613 egressi,
537 558 591 596 ut
611 549 768 613 potius
792 551 887 598 acie
911 551 1221 606 decernerent,
1240 553 1377 614 quam
1400 551 1567 597 inclusi
1591 549 1647 596 de
1669 550 1805 597 tectis

325 617 647 679 moenibusque
671 616 959 664 dimicarent.
1016 618 1102 673 Ibi,
1122 616 1296 663 viribus
1311 616 1437 662 nulla
1453 623 1551 662 arte
1567 613 1800 679 adjutis⁸⁵,

324 681 508 732 tantum
545 682 750 728 veterani
795 682 958 729 robore
1000 681 1226 729 exercitus
1263 697 1343 728 rex
1379 682 1619 729 Romanus
1662 680 1801 735 vicit3

323 754 683 810 persecutusque
706 747 834 794 fusos
858 747 918 794 ad
944 748 1117 795 moenia
1150 747 1324 802 hostes,
1350 747 1464 794 urbe
1486 745 1635 793 valida
1656 745 1805 792 muris

324 829 377 860 ac
414 813 508 859 situ
545 813 648 876 ipso
685 812 866 859 munita
902 813 1141 860 abstinuit.
1224 812 1378 874 Agros
1416 812 1599 859 rediens
1634 818 1799 866 vastat,

323 877 575 926 ulciscendi
610 878 774 940 magiS,
818 880 956 942 quam
991 878 1179 940 praedae,
1230 877 1399 924 studio.
1483 878 1640 940 anue
1677 875 1804 923 clade

323 943 451 990 haud
485 943 641 991 mimis
678 946 816 1006 quam
853 943 1042 990 adversa
1074 944 1232 1006 pugna
1268 943 1447 989 subacti
1469 943 1686 1006 Vejentes
1725 958 1805 1004 pa-

323 1025 424 1057 cem
468 1010 667 1072 petitum
712 1016 917 1055 oratores
965 1010 1165 1056 Romam
1209 1008 1421 1055 mittunt.
1513 1007 1630 1069 Agri
1673 1014 1805 1070 parte

322 1075 556 1122 mulctatis
568 1073 618 1128 ⁸⁶,
645 1073 695 1119 in
717 1082 904 1120 centum
927 1088 1072 1121 annos
1095 1073 1295 1121 induciae
1310 1073 1448 1120 datae.
1508 1073 1628 1120 Haec
1641 1072 1800 1127 ferme,

322 1140 523 1187 Romulo
547 1146 783 1202 regnante,
811 1138 937 1186 domi
960 1140 1230 1203 militiaeque
1248 1138 1449 1202 gesta⁸⁷;
1477 1154 1672 1202 quorum
1687 1137 1805 1184 nihil

322 1205 547 1252 absonum
563 1204 671 1251 fidei
686 1204 855 1252 divinae
870 1204 1114 1267 originisssss,
1127 1205 1471 1268 divinitatisque
1485 1210 1593 1267 post
1607 1210 1806 1251 mortem

322 1271 524 1327 creditae,
564 1271 683 1325 fuit3
719 1286 816 1316 non
852 1270 1038 1318 animus
1078 1270 1128 1317 in
1161 1285 1303 1334 regno
1327 1270 1450 1317 avito
1473 1268 1799 1331 recuperando,

322 1352 418 1383 non
462 1335 714 1383 condendae
758 1335 886 1382 urbis
943 1336 1202 1391 consilium,
1261 1351 1355 1382 non
1409 1335 1530 1381 bello
1586 1350 1638 1381 ac
1693 1350 1805 1397 pace

322 1401 593 1457 firmandae3
631 1401 689 1447 ab
712 1401 790 1447 illo
815 1401 939 1448 enim
972 1401 1187 1464 profectu
1218 1401 1393 1448 viribus
1429 1401 1549 1447 datis
1560 1399 1597 1427 ⁸⁹
1621 1399 1803 1446 tantun]

322 1467 479 1523 valuit,
521 1475 573 1514 ut
608 1466 658 1513 in
703 1467 1008 1529 quadraginta
1052 1466 1218 1514 deinde
1263 1482 1408 1513 annos
1453 1473 1603 1512 tutam
1642 1481 1804 1527 pacem

323 1533 529 1579 haberet.
590 1531 887 1579 Multitudini
906 1540 1062 1578 tamen
1077 1533 1250 1595 gratior
1272 1532 1373 1588 fuit,
1403 1535 1539 1595 quam
1556 1531 1772 1577 Patribus
1791 1552 1802 1586 ;

323 1598 461 1661 longe
484 1605 589 1645 ante
625 1598 738 1645 alios
775 1598 1124 1660 acceptissimus
1160 1598 1361 1644 militum
1397 1597 1592 1652 animis3
1630 1605 1806 1643 trecen-

323 1672 487 1726 tosque
525 1671 726 1710 armatos
763 1663 822 1709 ad
858 1663 1116 1710 custodiam
1153 1664 1370 1726 corporis,
1413 1679 1528 1726 quos
1566 1661 1749 1709 Celeres
1765 1661 1805 1690 ⁹⁰

323 1729 583 1792 appellarit,
616 1742 711 1774 non
745 1728 796 1774 in
830 1728 951 1775 bello
989 1727 1153 1785 solum,
1195 1729 1276 1775 sed
1313 1729 1450 1775 etiam
1488 1728 1536 1774 in
1572 1744 1697 1790 pace,
1725 1727 1804 1773 ha-

322 1794 439 1841 buit.

389 1860 522 1906 XVI.
562 1860 653 1906 ffis
677 1858 1017 1905 immortalibus
1034 1859 1169 1906 editis
1194 1858 1461 1922 operibus⁹1‚
1483 1874 1625 1921 quum
1650 1857 1708 1904 ad
1732 1874 1805 1904 ex-

324 1926 517 1972 ercitum
553 1925 884 1971 recensendum
930 1926 1197 1971 concionem
1241 1926 1291 1971 in
1336 1941 1499 1987 campo
1545 1923 1603 1970 ad
1641 1923 1806 1986 Caprae

323 1991 540 2053 paludem
577 1990 781 2045 haberet,
823 1990 976 2036 subito
1012 1998 1167 2037 coorta
1203 1998 1469 2053 tempestas,
1498 2005 1604 2035 cum
1637 2005 1807 2051 magno

322 2056 504 2119 fragore
527 2055 880 2118 tonitribusque,
912 2063 1009 2102 tam
1047 2056 1190 2102 denso
1226 2072 1383 2118 regem
1417 2054 1599 2118 operuit
1629 2055 1803 2109 nimbo,

323 2129 377 2168 ut
413 2128 711 2184 conspectum
749 2121 847 2184 ejus
885 2122 1094 2168 concioni
1133 2121 1376 2167 abstulerit
1393 2142 1405 2176 ;
1441 2136 1526 2166 nec
1563 2119 1728 2166 deinde
1755 2120 1805 2166 in

323 2188 457 2237 terris
483 2186 710 2234 Romulus
733 2187 836 2233 fuit.
909 2187 1120 2234 Romana
1141 2187 1303 2250 pubeS,
1331 2187 1490 2233 sedato
1514 2185 1702 2232 tandem
1725 2202 1805 2248 pa·

323 2269 443 2308 vore,
469 2260 718 2316 postquam
755 2268 811 2298 ex
847 2259 942 2298 tam
978 2252 1164 2299 turbido
1199 2252 1273 2300 die
1308 2268 1468 2299 serena
1490 2258 1537 2298 et
1558 2251 1806 2315 tranquilla

323 2317 403 2364 lux
426 2318 575 2373 rediit,
602 2317 683 2364 ubi
705 2333 896 2364 vacuam
922 2317 1078 2364 sedem
1106 2318 1281 2380 regiam
1303 2318 1432 2373 vidit,
1461 2317 1549 2364 etsi
1573 2316 1686 2363 satis
1709 2332 1803 2363 cre-

325 2384 462 2430 debat
486 2383 702 2430 Patribus
711 2382 763 2439 9²,
784 2383 863 2446 qui
876 2383 1076 2445 proximi
1099 2390 1335 2439 steterant,
1358 2384 1602 2430 sublimem
1616 2390 1802 2444 raptum

325 2449 534 2511 procella,
575 2454 733 2495 tamen
779 2448 906 2495 velut
951 2449 1208 2496 orbitatis⁹³
1259 2456 1389 2496 metu
1426 2449 1530 2503 icta,
1579 2455 1801 2493 moestum

325 2513 608 2577 aliquamdiu
642 2513 876 2560 silentium
911 2514 1128 2561 obtinuit.
1198 2515 1391 2569 Deinde,
1428 2517 1453 2559 a
1475 2512 1635 2576 paucis
1668 2512 1802 2558 initio

324 2579 460 2636 facto,
504 2579 644 2627 deum
679 2578 763 2625 deo
800 2587 975 2635 natum,
1002 2596 1158 2643 regem
1191 2587 1523 2643 parentemque
1556 2577 1685 2624 urbis
1710 2578 1802 2624 Ro-

324 2661 489 2701 manae,
533 2645 706 2692 salvere
740 2645 943 2691 universi
980 2645 1232 2692 Romulum
1262 2644 1490 2708 jubent⁹⁴;
1516 2659 1678 2706 pacem
1699 2659 1802 2705 pre-

324 2710 452 2757 cibus
483 2708 801 2774 exposcunt95,
844 2710 915 2755 uti
952 2709 1109 2756 volens
1145 2710 1423 2773 propitius⁹⁶
1455 2725 1586 2755 suam
1618 2723 1799 2771 semper

325 2777 519 2838 sospitet
541 2775 825 2839 progeniem.
891 2775 1053 2822 Fuisse
1077 2776 1212 2823 credo
1236 2784 1337 2822 tum
1353 2791 1534 2849 quoque
1549 2773 1796 2838 aliquos,
1741 2772 1780 2801 9⁷

324 2841 404 2904 qui
427 2841 710 2903 discerptum
732 2857 888 2903 regem
912 2840 1106 2887 Patrum
1134 2841 1349 2888 manibus
1372 2840 1501 2887 taciti
1524 2846 1797 2902 arguerent3

323 2907 528 2953 manavit
550 2906 673 2953 enim
695 2906 799 2953 haec
821 2922 1015 2980 quoque,
1044 2906 1126 2953 sed
1146 2907 1436 2969 perobscura,
1464 2906 1602 2952 fama.
1664 2903 1800 2951 Illam

324 2971 514 3020 alteram
550 2971 792 3019 admiratio
831 2971 917 3018 viri
961 2978 1007 3019 et
1041 2988 1185 3035 pavor
1218 2970 1473 3035 praesens98
1519 2968 1794 3018 nobilitavit.
