1897 3287
250 237 339 283 158
852 251 899 283 T.
936 249 1091 283 mvn.

244 363 338 418 Qui
359 368 552 410 terrores
573 369 729 410 tamen
751 363 804 410 eo
825 364 1055 419 evasere17,
1081 370 1134 410 ut
1148 363 1311 426 Oppia,
1336 362 1463 427 virgo
1485 362 1698 420 Vestalis,

244 428 460 475 damnata
478 428 655 482 incesti,
691 445 851 490 poenas
875 429 1065 475 dederit.

307 493 493 538 XLIII.
531 493 588 547 Q.
615 493 783 539 Fabius
796 493 904 539 inde
919 500 964 539 et
983 493 1036 539 C.
1063 491 1215 540 Julius
1233 492 1440 539 consules
1455 492 1578 539 facti.
1635 493 1708 539 Εο

243 572 362 603 anno
378 573 472 602 non
489 557 671 618 segnior
691 557 917 603 discordia
939 556 1075 612 domi,
1114 562 1158 602 et
1180 556 1350 602 bellum
1371 557 1484 603 foris
1507 557 1705 603 atrocius

242 620 347 667 fuit.
414 621 489 667 Ab
508 621 670 683 AEquis
686 637 812 666 arma
827 627 1027 682 sumpta.
1083 620 1299 682 Vejentes
1314 637 1473 683 agrum
1491 620 1706 684 quoque¹⁸

243 686 555 731 Romanorum
571 685 842 746 populantes
855 685 1071 731 inierunt.
1129 685 1337 739 Quorum
1353 686 1575 732 bellorum
1589 701 1706 732 cres-

243 756 373 796 cente
396 751 513 804 cura,
554 750 615 794 K.
643 749 811 794 Fabius
835 756 880 795 et
904 749 983 810 Sp.
1010 748 1174 795 Furius
1190 749 1397 795 consules
1415 751 1548 796 fiunt.
1617 750 1706 797 Or-

243 820 414 868 tonam,
452 813 667 859 Latinam
688 813 861 868 urbem,
899 813 1040 875 AEqui
1062 814 1404 887 oppugnabant.
1470 813 1701 877 VejenteS,

241 878 399 939 pleni
382 894 479 939 Jam
501 877 864 939 populationum,
903 878 1132 924 Romam
1120 894 1269 939 ipsam
1293 894 1340 924 se
1363 886 1705 940 oppugnaturos

244 942 552 988 minabantur.
624 942 715 1014 Qui
742 948 948 996 terrores,
986 959 1127 1005 quum
1155 958 1439 1004 compescere
1470 942 1702 998 deberent,

243 1022 406 1052 auxere
419 1006 606 1068 insuper
620 1006 797 1052 animos
811 1007 979 1069 plebis·
999 1007 1277 1069 redibatque,
1286 1023 1379 1052 non
1395 1008 1476 1052 sua
1490 1007 1702 1068 sponte¹⁹,

241 1071 366 1133 plebi
382 1087 482 1116 mos
507 1070 789 1117 detrectandi
811 1071 1051 1126 militiam;
1080 1072 1160 1117 sed
1176 1072 1252 1133 Sp.
1276 1071 1480 1117 Licinius
1494 1071 1706 1117 tribunus

241 1135 400 1198 plebis,
439 1136 617 1181 venisse
643 1143 826 1197 tempus
864 1143 992 1182 ratus
1026 1152 1108 1198 per
1142 1136 1353 1181 ultimam
1387 1136 1707 1182 necessitatem

241 1199 355 1262 legis
378 1200 568 1262 agrariae
600 1200 814 1247 Patribus
836 1200 1144 1262 injungendae,
1182 1207 1441 1262 susceperat
1462 1216 1559 1246 rem
1587 1200 1708 1246 111111-

242 1272 387 1311 tarem
421 1265 775 1326 impediendam.
859 1264 1074 1311 Ceteium
1110 1272 1209 1311 tota
1241 1265 1413 1311 invidia
1449 1265 1706 1311 tribuniciae

241 1330 524 1391 potestatis²⁰
548 1346 678 1375 versa
706 1329 756 1375 in
786 1336 1017 1376 auctorem
1046 1337 1143 1384 est3
1179 1345 1263 1375 nec
1289 1330 1339 1375 in
1366 1346 1470 1376 eum
1498 1329 1706 1376 consules

243 1392 406 1449 acrius,
446 1397 580 1456 quam
602 1394 747 1455 ipsius
772 1394 869 1456 ejus
884 1394 1082 1456 collegae,
1108 1394 1250 1440 coorti
1274 1400 1412 1449 sunt3
1450 1394 1708 1456 auxilioque

243 1474 400 1505 eorum
432 1458 658 1504 delectum
689 1459 896 1505 consules
928 1458 1115 1504 habent.
1183 1458 1259 1504 Ad
1294 1458 1384 1504 duo
1419 1458 1556 1504 simul
1588 1458 1708 1505 bella

243 1523 466 1569 exercitus
483 1523 694 1569 scribitur
711 1544 721 1577 3
749 1523 981 1569 ducendus
1000 1523 1140 1569 Fabio
1153 1523 1203 1568 in
1215 1523 1404 1585 AEquos,
1429 1523 1480 1568 in
1492 1522 1706 1585 Vejentes

243 1587 394 1642 Furio,
433 1587 619 1634 daturffl.
687 1588 749 1632 Et
777 1587 826 1632 in
854 1588 1124 1650 Vejentibus
1151 1587 1335 1650 quidem
1363 1587 1480 1633 nihil
1514 1587 1706 1649 dignum

242 1652 462 1698 memoria
484 1659 666 1713 gestum
689 1658 771 1697 est.
838 1652 979 1698 Fabio
1003 1653 1234 1714 aliquanto
1277 1651 1382 1713 plus
1405 1652 1578 1714 negotii
1600 1668 1705 1698 611111

243 1716 430 1770 61111105,
459 1718 595 1778 quam
613 1732 717 1762 cum
731 1716 957 1772 hostibus,
982 1717 1087 1762 fuit.
1156 1717 1291 1762 Unus
1303 1716 1379 1762 ille
1392 1716 1460 1762 vir
1481 1716 1580 1778 ipse
1602 1732 1706 1763 con-

244 1781 316 1826 sul
337 1780 666 1842 rempublicam
691 1780 923 1836 sustinuit,
951 1798 1088 1844 quam
1112 1780 1334 1827 exercitus
1359 1780 1462 1827 odio
1485 1781 1700 1837 consulis,

244 1852 467 1907 quantum
484 1845 532 1890 in
551 1861 597 1891 se
615 1845 718 1900 fuit,
743 1845 982 1907 prodebat.
1019 1846 1156 1900 Nam,
1185 1861 1325 1908 quum
1341 1844 1514 1900 consul,
1538 1852 1708 1907 praeter

243 1917 415 1955 ceteras
432 1909 748 1970 imperatorias
763 1916 898 1965 artes,
935 1927 1047 1973 quas
1064 1910 1266 1973 parando
1288 1909 1575 1972 gerendoque
1588 1910 1707 1957 bello

245 1973 387 2020 edidit
414 1973 650 2035 plurimas,
686 1975 752 2020 ita
773 1975 1067 2021 instruxisset
1097 1975 1254 2029 aciem,
1281 1981 1346 2030 ut,
1379 1974 1475 2020 solo
1502 1974 1708 2037 equitatu

244 2038 425 2093 emisso,
463 2039 709 2084 exercitum
731 2039 936 2085 hostium
958 2039 1183 2094 funderet,
1217 2038 1396 2101 insequi
1417 2038 1545 2085 fusos
1567 2038 1707 2101 pedes

242 2102 403 2148 noluit.
470 2103 568 2149 Nec
589 2103 705 2158 illos,
744 2104 830 2149 etsi
850 2120 944 2150 non
966 2104 1224 2150 adhortatio
1245 2103 1380 2149 invisi
1402 2102 1546 2158 ducis,
1572 2120 1707 2149 51111111

246 2167 408 2213 saltem
431 2166 657 2228 flagitium
681 2174 726 2214 et
748 2168 985 2230 publicum
1007 2168 1056 2214 in
1078 2168 1324 2231 praesentia
1346 2167 1556 2223 dedecus,
1581 2174 1707 2230 post-

243 2231 381 2278 modo
403 2232 669 2294 periculum‚
698 2233 737 2278 si
761 2233 940 2279 animus
963 2233 1087 2279 hosti
1108 2233 1315 2287 redisset,
1341 2248 1499 2294 cogere
1515 2232 1706 2294 potuit22

243 2296 436 2358 gradum
455 2296 701 2343 accelerare
717 2317 729 2352 3
756 2304 847 2352 aut,
876 2297 914 2343 si
929 2297 1053 2343 aliud
1068 2298 1197 2352 nihil,
1216 2297 1425 2343 instare²3
1439 2297 1702 2343 instructos.

245 2360 435 2423 Injussu
457 2361 588 2423 signa
609 2361 825 2417 referunt,
861 2363 1120 2425 moestique,
1162 2362 1387 2424 (crederes
1413 2360 1596 2422 victos,)
1633 2376 1705 2407 ex-

245 2432 473 2472 secrantes
508 2442 631 2472 nunc
668 2426 1002 2489 imperatorem,
1051 2443 1173 2473 nunc
1207 2432 1419 2472 navatam
1455 2426 1511 2471 ab
1555 2426 1706 2487 equite

246 2506 442 2551 operam,
480 2490 672 2536 redeunt
693 2491 742 2536 in
766 2500 927 2538 castra.
997 2491 1096 2538 Nec
1118 2491 1226 2537 huic
1248 2498 1343 2536 tam
1376 2489 1610 2551 pestilenti
1633 2506 1706 2536 ex-

246 2554 397 2616 emplo
431 2555 631 2601 remedia
659 2555 753 2601 ulla
779 2556 835 2601 ab
870 2556 1143 2618 imperatore
1178 2554 1372 2617 quaesita
1410 2564 1546 2600 sunt:
1595 2554 1707 2600 adeo

246 2619 568 2665 excellentibus
600 2619 795 2681 ingeniis
823 2619 958 2666 citius
987 2620 1181 2666 defuerit
1215 2635 1302 2674 ars,
1346 2619 1434 2679 qua
1460 2618 1604 2665 civem
1638 2635 1706 2666 re-

245 2690 368 2746 gant,
396 2686 532 2746 quam
547 2685 635 2745 qua
649 2683 830 2730 hostem
849 2691 1080 2746 superent.
1149 2682 1323 2730 Consul
1341 2683 1537 2729 Romam
1553 2683 1701 2738 rediit,

245 2764 340 2794 non
361 2755 457 2794 tam
479 2748 586 2794 belli
615 2748 758 2810 gloria
791 2751 934 2802 aucta,
972 2752 1108 2810 quam
1140 2748 1317 2793 irritato
1353 2748 1706 2810 exacerbatoque

246 2811 296 2858 in
319 2829 366 2858 se
380 2813 580 2859 militum
595 2813 716 2859 odio.
785 2812 1038 2859 Obtinuere
1053 2820 1207 2858 tamen
1224 2812 1396 2867 Patres,
1434 2818 1488 2858 ut
1504 2812 1554 2860 in
1568 2812 1708 2860 Fabia

248 2883 382 2936 gente
398 2877 660 2923 consulatus
677 2884 898 2924 maneret.
967 2877 1039 2923 M.
1066 2877 1258 2924 Fabium
1279 2875 1513 2924 consulem
1533 2885 1702 2925 creant.

247 2940 387 2987 Fabio
410 2941 579 3004 collega
603 2942 690 2989 Cn.
715 2942 920 2988 Manlius
944 2941 1093 2989 datur.
