1897 3287
689 221 854 252 mmm
889 221 948 251 11.
987 220 1032 251 c.
1070 220 1177 250 L1x.
1549 205 1635 253 173

193 336 244 382 in
279 336 468 382 Volscos
510 333 693 379 missus.
768 332 983 386 Quinctio
1018 331 1157 393 AEqui
1199 330 1428 392 provincia
1472 330 1637 376 evenit.

193 400 366 446 Eadem
382 400 430 444 in
446 397 606 443 militia
624 396 835 442 saevitia⁸⁵
863 395 1014 457 Appii,
1042 411 1144 456 quae
1163 394 1299 448 domi,
1326 409 1424 439 esse
1439 393 1636 448 liberior,

195 464 314 525 quod
337 463 432 507 sine
453 460 706 506 tribuniciis
728 460 918 505 vinculis
950 466 1059 504 erat.
1129 458 1293 504 Odisse
1324 457 1504 518 plebem
1535 457 1641 518 plus

194 529 329 588 qu'am
350 532 537 587 paterno
561 524 686 569 odio:
728 530 758 549 ‘⁶
776 524 833 569 Se
855 524 1024 568 rictum
1048 522 1102 568 ab
1127 524 1204 575 θεὴ
1231 537 1279 566 se
1302 521 1435 566 unico
1458 520 1643 566 consule

198 588 457 650 “objecto8ss
501 586 715 633 adversus
758 587 1048 632 tribuniciam
1085 591 1372 647 potestatem,
1418 583 1642 645 perlatam

197 654 389 714 “legem
428 668 539 706 esse,
588 668 723 712 quam
759 652 932 697 minore
971 658 1148 704 conatu,
1195 664 1480 710 nequaquam
1515 650 1643 693 tanta

197 723 228 742 “
247 718 435 762 Patrum
458 732 552 777 spe,
588 716 761 777 priores
794 714 1082 776 impedierint
1111 713 1366 759 consules.''
1437 712 1555 758 Haec
1575 711 1644 756 ira

192 780 533 842 indignatioque
565 779 760 824 ferocem
793 779 995 824 animum
1029 778 1087 823 ad
1117 776 1372 822 vexandum
1406 791 1526 821 saevo
1558 775 1643 821 im-

126 895 128 897 ,
193 845 318 905 perio
351 844 596 890 exercitum
632 843 907 896 stimulabat,
944 857 1027 887 nec
1059 842 1150 886 ulla
1170 841 1214 886 vi
1249 840 1428 885 domari
1445 846 1641 901 poterat,

193 916 373 954 tantum
396 914 622 953 certamen
645 907 806 952 animis
828 905 1155 951 imbiberantffl.
1224 905 1443 965 Segniter,
1481 903 1640 957 otiose,

193 972 486 1033 negligenter,
524 971 862 1025 contumaciter,
901 970 1052 1015 omnia
1073 985 1234 1030 agere3
1271 984 1354 1013 nec
1374 967 1535 1029 pudor,
1561 983 1645 1013 nec

194 1043 358 1090 metus,
402 1035 649 1080 coercebat.
727 1035 775 1080 Si
809 1033 943 1080 citius
977 1034 1050 1094 agi
1082 1034 1216 1078 vellet
1249 1048 1424 1093 agmen,
1468 1030 1644 1077 tardifis

196 1099 351 1146 sedulo
371 1099 605 1153 incedere3
643 1099 681 1143 si
702 1098 966 1143 adhortator
989 1097 1135 1158 operis
1158 1097 1348 1151 adesset,
1385 1111 1541 1141 omnes
1565 1097 1646 1140 sua

195 1170 356 1226 sponte
387 1170 561 1211 motam
593 1163 821 1207 remittere
853 1160 1191 1215 i11dustriam383
1233 1160 1449 1222 praesenti
1490 1159 1644 1205 vultus

194 1228 447 1282 demittere,
484 1227 622 1272 tacite
644 1233 994 1287 praetereuntem
1017 1225 1248 1278 exsecrari,
1285 1231 1338 1269 ut
1358 1224 1552 1269 invictus
1569 1223 1645 1268 ille

196 1292 300 1337 odio
321 1291 497 1353 plebeio
519 1290 697 1335 animus
714 1290 942 1335 interdum
964 1295 1234 1334 moveretur.
1303 1287 1444 1333 Omni
1464 1287 1645 1349 nequic-

195 1372 332 1417 quam
349 1354 590 1400 acerbitate
607 1352 872 1416 promptaw,
893 1353 1008 1399 nihil
1019 1353 1116 1414 jam
1135 1368 1238 1397 cum
1255 1351 1475 1396 militibus
1491 1367 1642 1412 agere;

193 1422 223 1465 a
244 1419 582 1465 centurionibus
606 1425 870 1479 corruptum
905 1417 1149 1462 exercitum
1174 1416 1319 1461 dicere
1339 1435 1350 1469 ;
1392 1420 1422 1439 “
1438 1415 1646 1461 tribunos

199 1490 230 1508 “
252 1483 404 1544 plebi’'
441 1482 666 1536 cavillans,
703 1481 933 1527 interdum
956 1488 1001 1526 et
1028 1487 1057 1505 “
1074 1480 1370 1533 Volerones,''
1405 1495 1579 1525 vocare.

260 1546 390 1592 LIX.
426 1546 559 1592 Nihil
581 1562 736 1592 eorum
769 1545 923 1591 Volsci
944 1545 1216 1598 nesciebant,
1252 1543 1571 1605 instabantque
1594 1559 1647 1588 eo

194 1612 357 1673 magis,
410 1618 644 1673 sperantes
693 1610 815 1655 idem
859 1617 1086 1655 certamen
1135 1609 1387 1653 animorum
1431 1606 1646 1653 adversus

195 1676 401 1737 Appium
422 1674 686 1720 habiturum
710 1674 953 1719 exercitum
977 1674 1250 1726 Romanum,
1289 1671 1410 1733 quod
1431 1671 1647 1717 adversus

198 1738 431 1785 Fabium⁹⁰
466 1738 697 1784 consulem
729 1738 980 1782 habuisset.
1049 1736 1264 1782 Ceterum
1296 1735 1442 1781 multo
1475 1735 1643 1796 Appio,

198 1806 334 1865 quam
358 1802 512 1856 Fabio,
547 1801 784 1847 violentior
805 1801 907 1846 fuit.
977 1801 1085 1846 Non
1108 1800 1228 1845 enim
1259 1800 1435 1844 vincere
1467 1801 1648 1844 tantum

196 1867 356 1921 noluit,
381 1872 434 1911 ut
451 1866 677 1912 Fabianus
695 1865 929 1919 exercitus,
957 1865 1037 1910 sed
1052 1865 1170 1909 vinci
1186 1863 1342 1908 voluit.
1393 1862 1647 1908 Productus

196 1931 246 1976 in
268 1931 409 1976 aciem
432 1930 555 1991 turpi
576 1929 684 1990 fuga
704 1929 819 1991 petit
843 1935 1016 1982 castra3
1052 1944 1135 1973 nec
1157 1931 1264 1973 ante
1293 1927 1474 1981 restitit,
1512 1929 1648 1989 quam

197 1995 328 2056 signa
348 1994 617 2039 inferentem
651 1994 866 2039 Volscum
901 1992 1195 2038 munimentis
1217 1991 1353 2045 videt,
1389 1991 1648 2052 foedamque

196 2059 389 2105 extremi
410 2058 602 2119 agminis
620 2057 807 2103 caedem.
874 2057 993 2102 Tum
1012 2072 1222 2118 expressa
1243 2055 1346 2101 vis9l
1364 2055 1422 2100 ad
1442 2071 1649 2117 pugnan-

198 2122 324 2176 dum,
360 2128 413 2167 ut
445 2123 587 2168 victor
614 2122 710 2183 jam
744 2125 771 2166 a
801 2121 918 2167 vallo
953 2122 1292 2166 submoveretur
1324 2119 1500 2173 hostis;
1538 2120 1648 2164 satis

198 2194 353 2233 tamen
385 2194 622 2247 appareret
654 2186 754 2247 capi
781 2184 962 2231 tantum
985 2192 1132 2230 castra
1163 2185 1354 2229 militem
1389 2185 1648 2229 Romanum

196 2251 424 2304 noluisse;
461 2249 576 2295 alii92
599 2249 794 2310 gaudere
813 2252 894 2295 sua
911 2249 1035 2294 clade
1053 2256 1187 2310 atque
1204 2248 1466 2309 ignominia.
1536 2247 1648 2301 Qui-

197 2315 283 2360 bus
306 2314 421 2359 nihil
442 2314 661 2359 infractus
684 2313 810 2359 ferox
839 2313 980 2375 Appii
1014 2313 1206 2358 animus.
1276 2312 1429 2365 Quum
1462 2311 1649 2372 insuper

199 2379 356 2424 saevire
388 2378 534 2432 vellet,
584 2377 933 2438 concionemque
973 2377 1222 2430 advocaret,
1274 2382 1545 2421 concurrunt
1590 2375 1649 2420 ad

199 2458 302 2487 eum
337 2442 475 2504 legati
521 2442 792 2503 tribunique,
839 2447 1076 2486 monentes
1121 2456 1178 2485 ne
1222 2441 1378 2501 utique
1417 2438 1647 2500 experiri⁹³

196 2506 330 2551 vellet
351 2505 606 2567 imperium,
633 2505 761 2567 cujus
783 2505 850 2550 vis
869 2505 1016 2550 omnis
1037 2505 1086 2549 in
1104 2520 1326 2550 consensu
1343 2503 1648 2548 obedientium

199 2576 330 2614 esset.
405 2570 628 2630 “Negare
662 2569 796 2630 vulgo
828 2569 994 2614 milites
1030 2584 1076 2613 se
1099 2568 1157 2613 ad
1190 2568 1450 2613 concionem
1472 2567 1615 2611 ituros
1633 2587 1644 2620 ;

203 2633 508 2694 “passimque
547 2633 748 2678 exaudiri
780 2649 912 2679 voces
946 2632 1289 2694 postulantium,
1326 2638 1378 2676 ut
1413 2638 1560 2677 castra
1594 2646 1649 2676 ex

204 2702 235 2720 “
249 2696 413 2741 Volsco
436 2713 544 2758 agro
562 2704 843 2743 moveantur.
913 2698 1109 2742 Hostem
1130 2696 1345 2741 victorem
1368 2694 1518 2756 paullo
1541 2698 1648 2740 ante

203 2764 393 2820 “prope
415 2759 463 2805 in
484 2761 627 2822 portis
658 2778 709 2806 ac
740 2761 857 2806 vallo
890 2760 1061 2814 fuisse3
1097 2760 1383 2820 ingentisque
1416 2758 1523 2803 mali
1554 2774 1649 2804 non

204 2829 235 2849 “
255 2823 554 2883 suspicionem
579 2825 726 2879 modo,
755 2825 835 2869 sed
857 2832 1058 2886 apertam
1076 2824 1270 2884 speciem
1295 2822 1519 2867 obversari
1541 2829 1647 2867 ante

198 2887 450 2952 lf‘eculosss’
518 2887 679 2934 Victus
701 2888 898 2943 tandem,
929 2887 1313 2950 (quandoquidem
1327 2886 1455 2942 nihil,
1480 2893 1647 2949 praeter
