1897 3287
628 213 794 244 LIBER
819 213 855 245 1.
894 213 938 245 c.
966 215 1081 246 xix.
1515 204 1572 250 19

108 328 338 376 aduncum
360 333 537 382 tenens,
566 343 701 389 quem
723 327 891 373 lituum
915 329 1278 390 appellaverunt.
1315 331 1446 386 Inde,
1472 332 1571 388 ubi,

107 400 355 456 prospectu
398 393 448 438 in
490 393 653 438 urbem
702 408 956 456 agrumque
996 400 1147 456 capto,
1196 395 1306 442 deos
1341 404 1572 458 precatus,

106 458 313 520 regiones
323 458 361 485 ²⁰
402 458 458 503 ab
482 458 656 503 oriente
679 457 738 503 ad
771 468 984 504 occasum
1018 458 1352 515 determinavit,
1393 460 1575 509 dextras

107 524 167 569 ad
187 522 427 570 meridiem
449 530 618 585 partes,
646 523 785 568 laevas
822 523 882 569 ad
918 525 1280 585 septentrionem
1316 541 1416 571 esse
1440 526 1572 572 dixit.

105 588 300 650 Signum
333 587 549 642 contram,
588 588 677 651 quo
710 587 979 651 longissime
1001 597 1297 652 conspectum
1323 590 1443 636 oculi
1464 591 1576 638 fere-

103 653 231 709 bant,
249 653 403 699 animo
426 653 591 698 finivit.
660 653 797 708 Tum,
824 653 939 699 lituo
962 654 1012 699 in
1028 654 1193 701 laevam
1210 671 1402 702 manum
1425 657 1575 702 trans-

103 718 213 773 lato,
252 717 411 764 dextr-21
445 718 495 764 in
525 725 663 780 caput
700 718 872 764 Numae
894 719 1125 782 imposita,
1151 728 1364 782 precatus
1389 727 1458 767 est
1479 721 1573 767 ita:

107 783 342 845 “Jupiter
381 791 524 845 pater,
571 784 609 829 si
649 791 720 830 est
755 783 825 829 fas
864 783 990 830 hunc
1028 784 1235 832 Numam
1276 785 1572 848 Pompilium,

107 854 139 873 “
153 848 283 911 cujus
302 864 386 910 ego
401 855 539 910 caput
555 855 701 903 teneo,
730 864 885 911 regem
910 850 1074 896 Romae
1089 867 1202 906 esse,
1228 851 1299 897 uti
1308 851 1344 878 2²
1369 857 1423 896 tu
1445 851 1579 913 signa

107 910 286 960 “nobis
310 921 435 960 certa
458 913 727 960 adclarassis
745 914 867 961 inter
889 930 967 961 eos
990 916 1121 970 fineS,
1148 932 1262 978 quos
1280 916 1418 963 feci.''
1448 917 1578 963 Tum

104 979 280 1041 peregit
290 979 327 1005 ²3
346 979 495 1025 verbis
511 980 726 1041 auspicia,
746 996 850 1041 quae
873 980 999 1026 mitti
1014 980 1177 1036 vellet;
1215 981 1382 1044 quibus
1403 981 1574 1038 missis,

105 1043 361 1090 declaratus
386 1061 465 1090 rex
489 1043 646 1090 Numa
669 1044 724 1090 de
747 1045 920 1107 templo
944 1045 1197 1092 descendit.

171 1109 309 1155 XIX.
349 1109 454 1164 Qui,
484 1125 625 1171 regno
648 1110 713 1155 ita
735 1111 926 1171 potitus,
953 1111 1117 1157 urbem
1131 1127 1312 1167 novam,
1344 1111 1578 1158 conditam

105 1174 150 1219 u·
174 1180 219 1220 et
241 1173 396 1229 armis,
417 1174 521 1236 jure
545 1191 645 1220 eam
663 1174 932 1236 legibusque
947 1175 984 1202 ²⁴
1005 1192 1058 1222 ac
1080 1177 1287 1223 moribus
1308 1177 1364 1224 de
1398 1178 1580 1240 integro

107 1239 302 1285 condere
317 1245 465 1300 parat.
505 1239 685 1293 Quibus
702 1256 844 1302 quum
858 1240 980 1286 inter
993 1240 1114 1287 bella
1127 1257 1386 1289 assuescere
1403 1242 1580 1289 videret

106 1320 200 1350 non
214 1320 366 1366 posse,
385 1303 556 1366 quippe
572 1305 785 1350 efferatos
801 1305 977 1360 militia,
1001 1305 1242 1362 animos²⁵‚
1271 1307 1579 1369 mitigandum

105 1369 302 1416 ferocem
325 1368 550 1431 populum
574 1385 807 1415 armorum
831 1369 1134 1417 desuetudine
1154 1378 1297 1427 ratus,
1325 1373 1356 1420 J
1359 1389 1499 1418 anum
1522 1373 1582 1420 ad

106 1434 320 1480 infimum
336 1434 599 1496 Argiletum
608 1434 661 1490 ²⁶,
683 1434 887 1481 indicem
901 1436 1028 1498 pacis
1042 1437 1254 1500 bellique,
1274 1437 1384 1484 fecit
1404 1456 1414 1484 τ
1443 1441 1582 1500 'aper-

106 1506 199 1554 tus,
233 1506 287 1546 ut
321 1499 371 1545 in
394 1500 534 1545 armis
573 1516 672 1546 esse
709 1500 957 1556 civitatem,
996 1501 1193 1558 clausus,
1234 1512 1423 1566 pacatos
1463 1504 1583 1549 circa

106 1580 265 1611 omnes
309 1565 520 1628 populos
570 1565 863 1627 significaret.
933 1567 1018 1613 Bis
1061 1567 1227 1614 deinde
1269 1575 1376 1631 post
1410 1569 1582 1615 Numae

105 1646 301 1693 regnum
337 1630 521 1676 clausus
560 1630 682 1686 fuit3
735 1629 890 1686 semel,
927 1632 984 1678 T.
1028 1632 1207 1679 Manlio
1233 1633 1432 1688 consule,
1475 1641 1583 1696 post

105 1695 334 1742 Punicum
357 1696 562 1758 primum
588 1697 844 1757 perfectum
877 1696 1083 1752 bellum;
1119 1698 1301 1753 iterum,
1331 1699 1455 1760 quod
1477 1715 1582 1745 nos-

104 1768 191 1807 trae
215 1761 345 1807 aetati
368 1761 433 1807 dii
457 1761 685 1807 dederunt
707 1768 761 1807 ut
783 1761 1056 1818 videremuS,
1083 1770 1192 1825 post
1225 1764 1398 1810 bellum
1422 1763 1577 1810 Actia-

103 1825 271 1881 cnm27,
335 1826 392 1872 ab
437 1825 715 1889 imperatore
762 1826 947 1874 Caesare
1000 1827 1231 1890 Augusto,
1289 1845 1401 1891 pace
1455 1832 1577 1875 terra

101 1891 309 1953 marique
331 1893 479 1953 parta.
549 1891 720 1938 Clauso
756 1907 823 1947 eo,
863 1908 1007 1955 quum
1042 1893 1251 1939 omnium
1290 1894 1408 1940 circa
1438 1894 1578 1941 finiti-

101 1972 284 2003 morum
308 1956 526 2003 societate
550 1972 601 2003 ac
634 1956 885 2004 foederibus
914 1957 1148 2020 junxisset
1181 1959 1373 2014 animos,
1412 1960 1577 2021 positis

102 2029 396 2069 externorum
440 2021 750 2083 periculorum
796 2023 933 2078 curis,
992 2039 1051 2069 ne
1094 2023 1436 2070 luxuriarentur
1480 2025 1575 2071 otio

101 2087 257 2142 animi,
286 2103 400 2150 quos
422 2094 576 2133 metus
598 2086 807 2134 hostium
830 2088 1162 2151 disciplinaque
1196 2089 1409 2136 militaris
1432 2090 1577 2137 conti-

102 2159 278 2209 nuerat,
294 2153 501 2200 omnium
519 2152 735 2215 primum,
758 2170 856 2199 rem
879 2153 938 2199 ad
951 2154 1298 2202 multitudinem
1315 2155 1577 2217 imperitam

103 2226 150 2264 et
188 2218 280 2264 illis
318 2217 482 2264 seculis
530 2218 693 2264 rudem
731 2219 1108 2275 efficacissimam,
1165 2219 1356 2266 deorum
1399 2227 1578 2267 metum

102 2283 402 2346 injiciendum
425 2289 553 2329 ratus
579 2289 663 2329 est.
703 2282 797 2337 Qui
819 2300 962 2346 quum
997 2285 1272 2332 descendere
1306 2284 1366 2331 ad
1399 2286 1578 2332 animos

103 2349 203 2396 sine
226 2348 378 2411 aliquo
402 2354 663 2395 commento
685 2348 895 2395 miraculi
927 2366 1023 2396 non
1055 2356 1228 2412 posset,
1267 2350 1454 2397 simulat
1488 2351 1577 2397 sibi

103 2429 210 2460 cum
254 2414 339 2461 dea
381 2413 548 2476 Egeria
591 2429 864 2475 congressus
899 2422 1152 2462 nocturnos
1199 2431 1326 2471 esse;
1385 2415 1484 2477 ejus
1529 2432 1579 2463 se

104 2479 298 2535 monitu,
327 2495 431 2542 quae
455 2479 775 2541 acceptissima
808 2479 896 2525 diis
934 2487 1100 2536 essent,
1142 2497 1271 2527 sacra
1302 2481 1574 2537 instituere;

105 2544 363 2591 sacerdotes
379 2560 486 2590 suos
502 2546 665 2607 cuique
680 2544 872 2591 deorum
886 2547 1135 2607 praeficere,
1195 2546 1351 2608 Atque
1370 2546 1578 2593 omnium

102 2609 320 2672 primum,
339 2610 399 2657 ad
413 2626 598 2656 cursum
620 2609 803 2665 lunae28,
830 2610 879 2656 in
898 2610 1140 2657 duodecim
1162 2627 1344 2658 menses
1362 2611 1581 2658 describit

103 2691 277 2722 annum
297 2695 309 2731 ;
363 2691 501 2738 quem
542 2675 673 2738 (quia
726 2675 926 2722 tricenos
980 2676 1078 2722 dies
1110 2676 1304 2738 singulis
1338 2676 1580 2724 mensibus

102 2739 214 2786 luna
234 2757 330 2787 non
351 2741 519 2803 explet,
546 2741 804 2804 desuntque
838 2740 936 2787 dies
972 2741 1119 2794 solido
1153 2757 1287 2796 anno,
1315 2741 1395 2804 qui
1429 2741 1580 2789 solsti-

102 2804 203 2852 ciali
225 2805 553 2868 circumagitur
588 2804 735 2867 orbe),
775 2806 1125 2853 intercalaribus
1163 2806 1401 2853 mensibus
1437 2806 1579 2853 inter-

104 2870 346 2933 ponendis,
371 2871 438 2917 ita
459 2871 757 2935 dispensavit,
795 2877 864 2927 ut,
903 2880 1066 2934 quarto
1101 2877 1148 2918 et
1180 2871 1401 2934 vigesimo
1436 2888 1573 2928 anno,

105 2936 166 2983 ad
186 2941 359 2984 metam
383 2936 575 2984 eandem
599 2936 709 2984 solis
730 2936 855 2984 unde
874 2937 966 2984 orsi
981 2943 1150 2994 essent,
1170 2936 1320 3001 plenis
1344 2953 1575 2985 annorum
