1897 3287
634 211 797 242 mmm
821 212 880 242 11.
907 211 952 243 c.
979 209 1063 243 XL.
1474 201 1557 245 155

129 323 307 371 liarium
329 322 524 385 quidam,
561 322 638 384 qui
658 322 882 383 insignem
903 323 1119 368 moestitia
1138 323 1256 369 inter
1277 330 1445 371 ceteras
1467 341 1570 388 cog·

129 394 313 434 noverat
326 386 572 440 Veturiam,
598 386 716 432 inter
731 403 896 432 nurum
910 394 1182 448 nepotesque
1201 394 1408 442 stantem,
1431 390 1570 435 “Nisi

134 457 249 497 “me
271 451 593 504 frustrantur,'’
628 450 789 512 inquit,
831 451 1004 505 “oculi‚
1042 458 1186 495 mater
1216 451 1301 496 tibi
1323 452 1571 514 conjuxque

134 520 226 561 “et
253 514 383 559 liberi
419 514 633 559 adsunt.''
699 514 976 568 Coriolanus,
1012 517 1154 576 prope
1183 521 1235 559 ut
1268 530 1435 570 amens,
1469 531 1572 562 con-

129 576 408 632 sternatusffl,
446 578 501 623 ab
526 578 630 624 sede
665 581 745 623 sua
776 595 915 640 quum
945 578 1080 623 ferret
1115 578 1249 623 matri
1276 579 1419 624 obviae
1454 595 1572 625 com-

128 641 325 702 plexum,
362 641 524 687 mulier
545 642 594 687 in
615 642 729 687 iram
752 658 807 688 ex
827 642 1034 704 precibus
1055 658 1197 697 versa,
1239 648 1268 667 “
1284 643 1402 696 Sine,
1428 643 1573 704 prius-

133 710 313 767 “quam
327 706 610 766 complexum
625 706 806 767 accipio,
825 706 1049 761 sciam8³,''
1074 706 1234 768 inquit,
1264 712 1294 732 “
1307 706 1365 752 ad
1377 706 1569 760 hostem,

134 773 165 793 “
181 785 240 814 an
261 769 319 814 ad
340 770 497 823 filium,
534 770 759 824 venerim;
801 771 977 831 captiva
1001 777 1202 816 materne
1224 771 1272 815 in
1303 771 1460 816 castris
1483 772 1574 815 tuis

133 837 164 857 “
179 833 281 878 sim.
353 834 409 878 In
431 834 519 879 hoc
541 850 613 879 me
635 835 730 879 vita
750 834 884 895 longa
905 841 948 879 et
971 834 1125 879 infelix
1148 840 1326 880 senecta
1348 835 1496 889 traxit,
1523 842 1575 879 ut

124 897 354 942 “exulem
369 904 427 951 te,
465 898 625 943 deinde
642 898 835 952 hostem,
861 897 1090 943 viderem?
1158 898 1354 944 Potuisti
1368 899 1576 960 populari

132 960 298 1007 “hanc
332 968 511 1016 terram,
555 978 656 1023 quae
691 967 736 1007 te
775 962 931 1023 genuit
958 969 1090 1023 atque
1127 961 1273 1007 aluit?
1339 962 1447 1008 Non
1475 963 1571 1015 tibi,

133 1025 380 1086 “quamvis
400 1025 565 1070 infesto
588 1026 737 1070 animo
758 1034 803 1071 et
824 1026 989 1071 minaci
1005 1042 1282 1086 perveneras,
1307 1026 1577 1087 ingredienti

134 1090 289 1134 “fines
310 1089 378 1134 ira
407 1087 597 1134 cecidit?
631 1105 737 1143 non,
774 1106 913 1151 quum
945 1091 994 1134 in
1024 1097 1267 1151 conspectu
1298 1091 1445 1135 Roma
1470 1091 1571 1144 fuit,

134 1157 164 1177 “
179 1152 451 1207 succurritffl,
488 1155 613 1198 intra
635 1154 716 1198 illa
735 1156 893 1198 moenia
910 1155 1061 1198 domus
1079 1171 1131 1198 ac
1144 1161 1335 1213 penates
1351 1157 1434 1199 mei
1454 1162 1573 1209 sunt,

133 1221 336 1270 “mater,
375 1218 543 1276 conjuoe,
571 1218 783 1276 liberique
801 1217 827 1262 ?
891 1218 1026 1278 Ergo,
1064 1233 1145 1278 ego
1168 1218 1256 1262 nisi
1287 1218 1573 1279 peperissem,

134 1285 165 1305 “
187 1281 336 1326 Roma
358 1296 451 1326 non
473 1286 838 1342 oppugnaretur,
873 1281 962 1326 nisi
994 1281 1139 1326 filium
1160 1282 1386 1336 haberem,
1420 1282 1573 1337 libera,

133 1348 164 1369 “
179 1344 228 1389 in
248 1344 388 1389 libera
407 1345 565 1405 patria,
590 1350 770 1390 mortua
792 1361 952 1390 essem.
1005 1345 1094 1390 Sed
1116 1361 1197 1407 ego
1219 1345 1333 1390 nihil
1348 1346 1444 1407 jam
1465 1347 1576 1407 pati,

131 1413 261 1454 “nec
290 1408 375 1453 tibi
396 1409 590 1469 turpius,
627 1412 761 1470 quam
784 1409 899 1454 mihi
927 1409 1148 1464 miserius,
1187 1409 1443 1471 possum853
1479 1426 1574 1464 nec,

134 1477 233 1517 “ut
259 1472 344 1518 sim
378 1472 641 1527 miserrima,
685 1473 763 1518 diu
794 1473 948 1518 futura
978 1489 1094 1519 sum.
1163 1474 1233 1519 De
1269 1473 1342 1519 his
1377 1473 1574 1528 videris;

134 1541 164 1561 ‘⁶
178 1552 305 1598 quos,
343 1536 381 1581 si
402 1536 568 1598 pergis,
605 1544 683 1582 aut
705 1537 948 1583 immatura
962 1553 1097 1592 mors,
1124 1544 1202 1583 aut
1214 1538 1348 1598 longa
1371 1538 1575 1592 servitus,

134 1605 165 1625 “
179 1601 382 1646 manet?
453 1601 579 1646 Uxor
602 1600 762 1646 deinde
785 1617 836 1647 ac
858 1601 986 1647 liberi
1020 1601 1214 1662 amplexi
1232 1622 1244 1656 ;
1280 1603 1500 1663 fletusque
1522 1603 1577 1647 ab

130 1664 256 1710 omni
291 1664 425 1710 turba
452 1665 694 1710 mulierum
722 1671 862 1720 ortus,
901 1672 946 1710 et
976 1665 1268 1726 comploratio
1302 1666 1372 1711 sui
1397 1667 1577 1727 patriae-

129 1744 229 1790 que,
266 1728 438 1789 fregere
474 1728 657 1774 tandem
687 1729 849 1774 virum.
920 1729 1194 1790 Complexus
1229 1729 1335 1775 inde
1371 1745 1476 1775 suos
1513 1729 1578 1775 di-

129 1791 274 1838 mittit
295 1812 306 1846 ;
342 1793 441 1853 ipse
462 1792 582 1838 retro
604 1793 659 1838 ab
682 1793 793 1838 urbe
816 1798 962 1838 castra
983 1793 1139 1839 movit.
1207 1793 1431 1839 Abductis
1455 1793 1578 1839 dein-

130 1855 187 1902 de
216 1856 470 1917 legionibus
493 1872 549 1902 ex
577 1872 685 1917 agro
719 1857 939 1911 Romano,
976 1856 1144 1902 invidia
1178 1857 1242 1902 rei
1271 1857 1578 1919 oppressum86

129 1920 299 1981 perisse
321 1920 537 1975 tradunt3
573 1920 649 1966 alii
671 1919 757 1966 alio
779 1920 926 1966 let087.
994 1921 1135 1982 Apud
1165 1920 1407 1977 Fabium⁸8‚
1444 1922 1579 1984 longe

130 1983 497 2045 antiquissimum
533 1991 775 2039 auctorem,
827 2000 970 2046 usque
1004 1985 1063 2031 ad
1098 1991 1373 2032 senectutem
1416 1986 1578 2031 vixisse

131 2047 325 2095 eundem
366 2048 560 2094 invenio.
635 2048 793 2095 Refert
822 2052 943 2095 certe
973 2049 1093 2095 hanc
1131 2053 1253 2111 saepe
1289 2065 1392 2096 eum
1427 2053 1579 2096 exacta

131 2117 267 2159 aetate
295 2114 537 2174 usurpasse
565 2129 750 2160 vocem:
793 2114 989 2160 “Multo
1017 2114 1226 2160 miserius
1255 2115 1350 2160 seni
1372 2114 1578 2160 exsilium

132 2176 278 2222 esse.''
347 2177 456 2222 Non
482 2177 742 2223 inviderunt
767 2177 923 2224 laudes
955 2195 1058 2224 suas
1085 2178 1347 2224 mulieribus
1377 2179 1461 2223 viri
1488 2180 1578 2224 Ro-

130 2240 282 2295 mani3
319 2240 430 2286 adeo
465 2241 561 2287 sine
592 2242 915 2288 obtrectatione
942 2242 1097 2304 gloriae
1136 2242 1292 2288 alienae
1328 2242 1574 2288 vivebatur.

131 2303 436 2350 Monumento
482 2305 698 2367 quoque89
743 2306 864 2367 quod
908 2312 1038 2362 esset,
1097 2307 1319 2368 templum
1363 2307 1576 2352 Fortunae

131 2368 350 2414 Muliebri
372 2369 646 2416 aedificatum
670 2369 1015 2432 dedicatumque
1038 2376 1122 2417 est.
1191 2370 1382 2416 Rediere
1416 2370 1578 2416 deinde

131 2431 300 2487 Volsci,
326 2433 551 2495 adjunctis
566 2434 741 2495 AEquis,
778 2434 826 2479 in
841 2450 999 2495 agrum
1015 2435 1273 2480 Romanum
1290 2455 1301 2488 ;
1339 2434 1418 2480 sed
1440 2435 1578 2495 AEqui

131 2495 314 2543 Attium
335 2498 520 2543 Tullum
542 2498 666 2543 haud
691 2498 811 2543 ultra
837 2499 978 2544 tulere
1010 2499 1185 2544 ducem.
1253 2498 1377 2545 Hinc
1407 2515 1460 2544 ex
1487 2514 1577 2544 cer-

131 2560 315 2616 tamine,
349 2561 504 2608 Volsci
520 2561 756 2624 AEqujne⁹⁰
771 2562 1090 2624 imperatorem
1108 2562 1346 2625 conjuncto
1365 2562 1577 2608 exercitui

133 2622 304 2679 darent,
343 2625 518 2680 seditio,
556 2626 719 2672 deinde
742 2632 873 2672 atrox
899 2627 1122 2688 praelium,
1161 2633 1325 2673 ortum.
1395 2627 1468 2672 Ibi
1489 2626 1578 2672 for-

132 2693 244 2734 tuna
263 2688 457 2750 populi⁹¹
482 2691 677 2736 Romani
700 2690 813 2736 duos
831 2690 1033 2737 hostium
1051 2692 1271 2738 exercitus
1285 2690 1409 2736 haud
1424 2689 1577 2736 minsis

131 2751 385 2813 pernicioso
416 2756 552 2815 quam
573 2754 792 2816 pertinaci
815 2756 1058 2801 certamine
1081 2755 1286 2801 confecit.
1356 2754 1576 2801 Consules

131 2815 188 2861 T.
230 2815 424 2862 Sicinius
459 2824 504 2863 et
550 2818 604 2864 C.
645 2818 889 2880 Aquillius.
964 2820 1129 2866 Sicinio
1162 2818 1328 2873 Volsci,
1376 2819 1578 2880 Aquillio

133 2878 335 2935 Hernici,
359 2879 484 2937 (nam
497 2880 530 2927 ii
547 2897 723 2944 quoque
737 2882 786 2928 in
799 2883 936 2929 armis
953 2884 1114 2945 erant,)
1131 2882 1360 2944 provincia
1371 2881 1574 2930 evenit92.
