1897 3287
609 301 777 334 LIBER
802 301 837 332 1.
877 300 923 333 c.
951 301 1105 334 xxrx.
1537 289 1595 335 2'9

123 423 154 443 “
177 417 306 463 nium
344 416 632 464 Albanorum
671 424 740 464 est
757 438 768 472 ;
810 416 973 463 ducem
1009 417 1154 464 secuti
1192 421 1313 471 sunt,
1353 424 1405 462 ut
1429 424 1474 463 et
1496 434 1592 474 vos,

119 488 150 507 “
175 483 213 529 si
236 482 325 545 quo
348 498 432 545 ego
454 482 563 529 inde
587 481 801 545 agmen³⁴
823 482 1051 528 declinare
1063 482 1325 536 voluissem,
1353 481 1594 530 fecissetis.

119 553 151 572 “
173 548 354 593 Mettus
392 547 469 594 ille
509 554 581 595 est
625 548 788 594 ductor
831 547 1009 593 itineris
1053 547 1208 609 hujus,
1254 546 1435 593 Mettus
1472 547 1595 594 idem

120 617 150 636 “
170 612 311 674 hujus
335 612 623 659 machinator
644 613 766 668 belli,
794 611 976 658 Mettus
1011 612 1197 659 foederis
1233 612 1433 658 Romani
1457 612 1596 659 Alba-

117 683 148 703 “
171 678 310 740 nique
331 686 509 740 ruptor.
579 677 764 724 Audeat
788 677 952 724 deinde
986 678 1097 724 talia
1130 678 1262 733 alius,
1288 677 1378 722 nisi
1400 677 1450 723 in
1472 677 1597 724 hunc

119 748 151 767 “
172 743 353 816 insigne
369 744 468 806 jam
509 742 839 790 documentum
879 743 1153 789 mortalibus
1182 714 1368 790 dedero.
1373 743 1403 761 ''
1476 742 1595 788 Cen-

114 808 320 854 turiones
357 808 522 855 armati
560 808 766 855 Mettum
808 808 1177 864 circumsistunt3
1223 824 1304 855 rex
1340 813 1503 864 cetera,
1544 818 1595 854 ut

113 889 246 919 orsus
282 881 392 930 erat,
420 873 613 936 peragit.
703 873 889 929 “Quod
923 875 1112 929 bonum,
1151 874 1371 928 faustum,
1398 873 1597 937 felixque

117 944 149 963 “
174 937 281 984 sit³⁵
305 939 478 1002 populo
516 940 727 986 Romano
752 956 803 985 ac
825 939 943 985 mihi
965 939 1198 1002 vobisque,
1226 938 1411 994 Albani,
1449 955 1595 1001 popu-

118 1009 151 1028 “
171 1003 268 1049 lum
293 1020 477 1051 omnem
500 1004 736 1051 Albanum
760 1006 959 1052 Romam
982 1004 1220 1051 traducere
1244 1005 1293 1050 in
1316 1005 1469 1049 animo
1494 1014 1564 1050 est
1582 1026 1593 1060 ;

119 1074 149 1093 “
172 1068 450 1116 civitatem³⁶
488 1069 596 1116 dare
639 1069 793 1132 plebi;
838 1070 1062 1133 primores
1107 1070 1157 1115 in
1204 1069 1365 1116 Patres
1410 1069 1561 1131 legere
1582 1092 1594 1125 ;

118 1140 149 1159 ‘⁶
170 1151 312 1180 unam
337 1136 512 1190 urbem,
540 1152 682 1181 unam
718 1135 1050 1196 rempublicam
1072 1134 1238 1181 facere.
1310 1135 1377 1180 Ut
1411 1151 1468 1180 ex
1499 1151 1594 1181 uno

118 1205 148 1223 “
171 1200 403 1262 quondam
440 1200 489 1245 in
526 1200 641 1246 duos
678 1201 874 1262 populos
913 1200 1059 1245 divisa
1095 1199 1278 1245 Albana
1316 1216 1388 1245 res
1414 1207 1497 1254 est,
1527 1201 1594 1246 sic

115 1271 147 1290 “
170 1281 293 1311 nunc
316 1266 365 1311 in
387 1281 534 1311 unum
558 1266 766 1311 redeat.’'
839 1265 917 1311 Ad
950 1264 1054 1311 haec
1077 1265 1262 1310 Albana
1283 1265 1447 1327 pubes,
1475 1266 1592 1311 iner-

109 1329 214 1384 mis,
254 1331 310 1376 ab
334 1331 524 1377 armatis
549 1340 694 1393 septa,
732 1331 782 1377 in
815 1331 953 1377 variis
987 1330 1318 1385 voluntatibuS,
1359 1332 1593 1376 communi

110 1403 267 1442 tamen
302 1403 433 1442 metu
469 1406 675 1458 cogente,
726 1396 962 1442 silentium
1003 1403 1145 1441 tenet.
1229 1396 1353 1441 Tum
1393 1395 1589 1441 Tullus:

114 1466 146 1485 “
170 1461 319 1507 Mette
344 1461 563 1516 Fuffeti,”
590 1461 755 1524 inquit,
799 1461 885 1507 “si
919 1461 1020 1524 ipse
1061 1461 1236 1508 discere
1265 1477 1428 1523 posses
1451 1461 1591 1507 fidem

113 1531 144 1551 “
167 1542 219 1572 ac
241 1527 415 1573 foedera
439 1543 630 1582 servare,
658 1527 761 1573 vivo
784 1526 870 1573 tibi
895 1543 948 1573 ea
971 1526 1215 1589 disciplina
1238 1529 1264 1571 a
1285 1542 1360 1572 me
1384 1526 1611 1572 adhibita

114 1597 144 1616 “
167 1591 345 1639 esset³⁷.
416 1592 556 1639 Nunc
579 1592 797 1654 quoniam
812 1599 946 1638 tuum
963 1592 1218 1638 insanabile
1241 1591 1479 1654 ingenium
1505 1604 1586 1646 est,

112 1663 142 1682 “
168 1664 216 1703 at
254 1664 308 1703 tu
346 1665 428 1704 tuo
466 1658 694 1720 supplicio
733 1657 844 1704 doce
879 1658 1140 1704 humanum
1174 1673 1321 1719 genus
1357 1673 1409 1702 ea
1434 1667 1592 1703 sancta

111 1728 144 1747 “
166 1723 361 1778 credere,
391 1739 496 1786 quae
529 1726 558 1769 a
591 1731 635 1770 te
659 1723 829 1770 violata
864 1730 991 1769 sunt.
1063 1722 1130 1768 Ut
1153 1721 1296 1784 igitur
1318 1722 1457 1783 paulo
1481 1726 1591 1768 ante

109 1793 144 1813 “
165 1788 376 1834 animum
410 1789 533 1834 inter
568 1788 840 1835 Fidenatem
888 1789 1238 1850 Romanamque
1273 1803 1371 1832 rem
1418 1788 1589 1848 ancipi—

111 1859 143 1877 “
165 1853 306 1899 tem³⁸
344 1853 543 1916 gessisti,
584 1854 650 1899 ita
679 1854 778 1916 jam
815 1870 981 1916 corpus
1021 1853 1197 1915 passim
1235 1851 1588 1899 distrahendum

111 1924 143 1944 “
167 1918 347 1965 dabis.’'
403 1919 597 1974 Exinde,
619 1919 797 1965 duabus
813 1918 1012 1964 admotis
1029 1916 1328 1991 quadrigis-²⁹,
1355 1917 1403 1962 in
1427 1934 1588 1963 currus

106 2000 264 2030 earum
303 1984 559 2030 distentum
604 1984 753 2047 illigat
791 1984 1029 2038 Mettum,
1078 1982 1281 2030 deinde
1268 1999 1318 2028 111
1355 1982 1431 2027 (111
1433 1998 1588 2028 ersum

106 2049 194 2096 iter
217 2049 324 2113 equi
347 2049 577 2105 concitati,
605 2049 847 2096 lacerum
835 2066 885 2095 in
906 2057 1103 2112 utroque
1127 2064 1265 2096 curru
1289 2063 1468 2109 corpus,
1498 2064 1590 2110 qua

105 2114 432 2162 inhaeserantw
455 2115 649 2161 vinculis
672 2115 894 2170 membra,
922 2121 1178 2177 portantes.
1248 2113 1469 2159 Avertere
1494 2129 1590 2159 om-

104 2196 188 2227 nes
232 2198 259 2226 a
296 2182 426 2226 tanta
460 2180 669 2227 foeditate
707 2180 956 2243 spectaculi
993 2179 1166 2227 oculos.
1237 2178 1448 2225 Primum
1482 2178 1590 2224 ulti—

103 2262 325 2308 mumque
348 2245 465 2291 illud
488 2246 767 2308 supplicium
792 2245 917 2307 apud
940 2245 1176 2293 Romanos
1202 2242 1400 2304 exempli
1422 2259 1588 2304 parum

104 2312 322 2357 memoris
344 2311 502 2374 legum
524 2310 873 2357 humanarum⁴ss
896 2310 1016 2366 fuit3
1052 2310 1103 2356 in
1137 2309 1238 2357 aliis
1262 2308 1447 2372 gloriari
1462 2308 1583 2364 licet,

100 2376 222 2423 nulli
246 2377 455 2438 gentium
479 2376 689 2423 mitiores
712 2376 941 2438 placuisse
964 2392 1143 2438 poenaS.

170 2442 357 2489 XXIX.
384 2442 515 2488 Inter
536 2441 682 2488 haec⁴²
699 2441 798 2504 jam
812 2441 1045 2503 praemissi
1058 2441 1228 2487 Albam
1244 2448 1376 2488 erant
1391 2441 1581 2504 equites,

101 2507 183 2569 qui
205 2507 550 2553 multitudinem
573 2506 866 2554 traducerent
882 2507 1096 2554 Romam.
1168 2507 1396 2569 Legiones
1420 2506 1586 2553 deinde

102 2572 256 2619 ductae
279 2572 339 2618 ad
361 2572 632 2619 diruendam
665 2572 844 2620 urbem.
915 2571 1035 2627 Quae
1056 2571 1138 2618 ubi
1159 2571 1385 2618 intravere
1408 2579 1581 2634 portas,

102 2653 196 2682 non
219 2632 404 2701 quidem
439 2638 528 2684 fuit
566 2637 797 2684 tumultus
834 2636 925 2693 ille,
952 2653 1037 2684 nec
1073 2653 1226 2700 pavor,
1258 2637 1406 2699 qualis
1429 2644 1584 2711 capta-

101 2718 206 2747 rum
243 2719 341 2749 esse
374 2703 561 2750 urbium
594 2702 725 2758 solet,
763 2719 921 2766 quum,
958 2702 1158 2748 effractis
1180 2702 1342 2764 portis,
1370 2702 1583 2749 stratisve

101 2767 240 2813 ariete
262 2768 421 2823 muris,
448 2776 529 2815 aut
549 2784 654 2815 arce
686 2768 732 2814 vi
767 2770 912 2830 capta,
951 2768 1124 2815 clamor
1145 2767 1327 2813 hostilis
1352 2774 1399 2814 et
1420 2783 1583 2815 cursus

100 2848 183 2893 per
205 2832 367 2879 urbem
404 2841 687 2880 armatorum
723 2832 880 2879 omnia
914 2833 1035 2879 ferro
1075 2832 1351 2894 fiammaque
1383 2832 1579 2879 miscet.
1569 2853 1579 2862 ·

100 2897 181 2943 sed
204 2897 438 2944 silentium
460 2899 592 2945 triste
613 2915 667 2946 ac
688 2899 830 2945 tacita
860 2897 1084 2945 moestitia
1104 2897 1170 2943 ita
1192 2896 1351 2944 defixit
1373 2897 1583 2945 omnium

97 2963 291 3018 animos,
340 2970 407 3018 ut,
455 2979 554 3026 prae
589 2969 720 3011 metu
764 2962 896 3009 obliti
940 2961 1053 3025 quid
1097 2961 1420 3025 relinquerent,
1470 2963 1583 3025 quid

99 3043 254 3074 secum
277 2999 462 3085 ferre'nt,
489 3027 729 3077 deficiente
752 3026 956 3084 consilio,
982 3025 1327 3094 rogitantesque
1349 3027 1428 3078 alii
1451 3027 1578 3085 alios,
