1897 3287
665 248 832 280 mnan
858 249 892 281 1.
932 249 977 281 c.
1004 249 1125 282 v111.
1593 234 1619 277 9

159 365 333 412 Dextra
366 363 590 412 Hercules
623 363 743 419 data,
786 369 818 389 “
839 363 1042 426 accipere
1065 380 1114 410 se
1136 379 1285 420 omen,
1310 363 1629 427 impleturum-

163 437 196 456 “
217 446 304 492 (133
319 429 427 485 fata,
450 432 527 476 ara
549 429 732 475 condita
754 436 892 491 atque
916 429 1115 484 dicata,'’
1143 428 1245 475 ait¹.
1318 430 1393 476 Ibi
1414 437 1515 476 tum
1537 431 1629 493 pri-

159 493 301 550 mum,
339 495 454 542 bove
494 494 684 541 eximia²
723 496 858 556 capta
903 494 958 540 de
1004 511 1153 556 grege,
1193 510 1375 540 sacrum
1420 495 1625 550 Herculi,

157 559 378 606 adhibitis
402 560 461 607 ad
491 559 800 606 ministerium
824 559 1080 622 dapemque
1104 558 1315 606 Potitiis3
1339 576 1391 606 ac
1413 559 1624 616 Pinariis,

156 641 261 687 quae
295 632 397 672 tum
435 625 624 672 familiae
662 625 863 671 maxime
900 624 1089 687 inclytae
1125 641 1179 671 ea
1212 624 1314 671 loca
1349 624 1624 680 incolebant,

155 691 347 737 factum.
416 691 556 738 Forte
576 690 643 736 ita
664 689 827 746 evenit,
864 696 919 736 ut
942 690 1103 737 Potitii
1138 689 1200 736 ad
1236 696 1420 752 tempus
1458 691 1631 752 praesto

155 762 324 811 essent,
361 755 508 818 iisque
530 762 634 802 exta
672 761 1040 818 apponerentur3
1079 754 1266 810 Pinarii,
1306 755 1424 802 extis
1462 754 1626 811 adesis,

155 820 215 867 ad
249 827 447 867 ceteram
480 821 690 868 venirent
726 821 908 883 dapem.
975 820 1092 867 Inde
1139 821 1407 867 institutum
1440 821 1626 876 mansit,

154 886 301 933 donec
335 886 573 932 Pinarium
607 903 751 948 genus
786 886 890 942 fuit,
926 902 986 932 ne
1019 885 1138 933 extis
1173 886 1448 932 sollennium
1481 901 1632 932 vesce-

153 957 327 997 rentur.
401 951 575 1007 Potitii,
604 952 661 997 ab
684 951 900 998 Evandro
923 951 1086 1007 edocti,
1114 951 1370 998 antistites⁴
1394 951 1511 997 sacri
1534 951 1632 1014 ejus

151 1032 236 1078 per
257 1017 428 1062 multas
453 1024 614 1063 aetates
630 1016 817 1063 fuerunt
835 1035 845 1063 :
874 1017 1032 1073 donec,
1052 1016 1222 1063 tradito
1241 1015 1410 1062 servis⁵
1434 1016 1632 1079 publicis

153 1081 349 1128 sollenni
372 1081 560 1128 familiae
583 1082 853 1137 ministerio,
897 1098 1042 1145 genus
1079 1099 1214 1128 omne
1253 1082 1531 1128 Potitiorum
1564 1082 1633 1128 in-

151 1147 294 1193 teriit.
365 1147 484 1193 Haec
504 1154 607 1192 tum
630 1163 759 1193 sacra
782 1148 1009 1193 Romulus
1030 1163 1125 1193 una
1155 1163 1211 1193 ex
1249 1147 1463 1193 omnibus
1502 1163 1630 1209 pere-

152 1212 285 1274 grina
307 1212 522 1273 suscepit,
554 1211 653 1273 jam
676 1219 777 1258 tum
800 1211 1162 1259 immortalitatis
1183 1212 1353 1259 virtute
1375 1220 1536 1275 partae,
1571 1212 1631 1258 ad

151 1293 292 1339 quam
315 1292 421 1323 eum
444 1293 528 1323 sua
549 1276 647 1322 fata
668 1276 910 1333 ducebant,
938 1277 1108 1324 fautor.

215 1342 357 1390 VIII.
396 1341 553 1388 Rebus
598 1341 765 1389 divinis
810 1343 900 1390 rite
942 1341 1233 1405 perpetratis,
1280 1344 1530 1406 vocataque
1569 1343 1629 1389 ad

150 1408 396 1454 concilium
418 1406 732 1463 multitudine,
776 1424 880 1471 quae
919 1408 1169 1455 coalescere
1207 1408 1256 1454 in
1294 1408 1455 1470 populi
1490 1408 1629 1455 unius

151 1488 318 1535 corpus
341 1472 469 1518 nulla
484 1488 546 1527 re,
565 1480 874 1536 praeterquam
890 1473 1083 1536 legibus,
1105 1479 1300 1536 poterat,
1314 1473 1422 1536 jura
1439 1472 1592 1521 dedit6
1613 1495 1625 1529 3

153 1554 258 1600 (1333
280 1538 348 1584 113
371 1543 530 1585 sancta
551 1538 708 1600 generi
728 1538 973 1586 hominum
996 1539 1168 1601 agresti
1189 1539 1287 1585 fore
1324 1546 1466 1596 ratus,
1507 1541 1545 1587 si
1581 1557 1629 1588 se

149 1603 249 1666 ipse
270 1602 575 1650 venerabilem
596 1604 858 1667 insignibus
881 1605 1063 1667 imperii
1084 1604 1282 1659 fecisset,
1310 1621 1454 1666 quum
1477 1613 1628 1653 cetero

150 1668 316 1715 habitu
338 1685 386 1716 se
410 1669 736 1730 augustiorem,
762 1676 864 1716 tum
886 1670 1087 1717 maxime
1103 1669 1369 1716 lictoribus⁷
1385 1671 1628 1718 duodecim

150 1734 364 1797 sumptis,
402 1734 529 1781 fecit.
617 1734 713 1781 Alii
762 1735 820 1782 ab
864 1751 1057 1782 numero
1090 1734 1257 1790 avium,
1296 1752 1401 1798 quae
1434 1737 1628 1799 augurio

150 1815 345 1861 regnum
377 1799 721 1862 portenderant,
760 1817 867 1847 eum
902 1807 1112 1847 secutum
1144 1816 1391 1847 numerum
1423 1809 1626 1865 putant;

151 1880 225 1911 me
247 1864 374 1911 haud
406 1865 603 1927 poenitet
636 1881 794 1912 eorum
830 1865 1073 1913 sententiae
1108 1881 1220 1921 3553,
1260 1867 1428 1929 quibus
1468 1874 1514 1914 et
1548 1884 1627 1930 ap-

149 1929 375 1991 paritores
409 1930 498 1976 hoc
531 1929 704 1992 genus⁸
737 1931 794 1977 ab
829 1931 1039 1978 Etruscis
1078 1930 1306 1987 finitimis,
1358 1932 1483 1979 unde
1519 1933 1630 1979 sella

147 1993 362 2051 curulis9,
414 1994 537 2042 unde
572 2002 683 2058 toga
724 2002 964 2059 praetexta,
1015 2003 1203 2060 sumpta
1245 2003 1329 2052 est,
1382 2014 1628 2045 numerum

150 2075 331 2123 quoque
352 2060 506 2122 ipsum
530 2060 722 2107 ductum
744 2062 895 2124 placet
913 2083 925 2119 3
963 2068 1009 2110 et
1029 2063 1097 2109 ita
1130 2062 1349 2110 habuisse
1386 2063 1624 2120 Etruscos,

150 2125 285 2187 quod,
313 2140 369 2172 ex
391 2125 634 2173 duodecim
655 2128 841 2189 populis
864 2128 1170 2175 communiter
1191 2133 1343 2175 creato
1375 2144 1496 2191 rege,
1536 2130 1628 2176 sin-

149 2190 283 2253 gulos
319 2190 489 2253 singuli
521 2192 683 2254 populi
721 2193 904 2240 lictores
955 2193 1180 2240 dederint.
1267 2193 1512 2241 Crescebat
1557 2195 1627 2241 in-

150 2256 286 2302 terim
307 2256 434 2311 urbS,
460 2257 798 2305 munitionibus
832 2259 921 2305 alia
954 2266 1091 2322 atque
1114 2259 1203 2305 alia
1225 2259 1485 2322 appetendo
1507 2259 1621 2315 loca,

149 2337 293 2384 quum
326 2321 376 2367 in
411 2338 541 2383 spem
574 2324 724 2385 magis
759 2324 930 2371 futurae
959 2324 1285 2380 multitudinis,
1321 2327 1461 2387 quam
1494 2325 1554 2371 ad
1575 2326 1626 2372 id

149 2387 275 2449 quod
297 2394 399 2433 tum
420 2386 712 2434 110111111311110
737 2396 849 2445 erat,
874 2390 1125 2436 munirent.
1196 2389 1389 2445 Deinde,
1426 2405 1486 2436 ne
1505 2407 1625 2437 vana

149 2452 422 2514 magnitudo
455 2459 590 2508 esset,
629 2454 899 2517 adjiciendae
937 2454 1250 2502 multitudinis
1285 2457 1433 2511 causa,
1472 2461 1625 2504 vetere

148 2517 340 2564 consilio
363 2518 662 2565 condentium
684 2520 836 2576 urbes,
859 2520 951 2583 qui,
974 2521 1216 2567 obscuram
1239 2526 1376 2583 atque
1398 2521 1624 2568 humilem

147 2582 397 2630 conciendo
420 2583 478 2630 ad
503 2599 551 2630 se
573 2584 937 2641 multitudinem,
963 2592 1121 2633 natam
1145 2588 1171 2632 ὲ
1193 2588 1314 2632 terra
1336 2586 1424 2632 sibi
1446 2586 1623 2648 prolem

148 2648 528 2704 ementiebantur,
554 2648 721 2706 locum,
761 2651 840 2714 qui
877 2667 1003 2698 nunc
1043 2658 1202 2713 septus
1236 2650 1623 2699 descendentibus

147 2713 269 2758 inter
289 2715 402 2760 duos
435 2715 556 2760 luco-s
595 2722 679 2771 est,
718 2715 918 2779 Asylum
950 2715 1151 2780 aperit¹¹.
1218 2716 1289 2762 Εὸ
1321 2732 1378 2764 ex
1409 2717 1622 2764 finitimis

145 2776 331 2838 populis
362 2779 500 2826 turba
532 2780 697 2837 omnis,
737 2781 835 2828 sine
882 2782 1145 2829 discrimine
1193 2780 1309 2828 liber
1354 2797 1414 2828 an
1464 2798 1621 2828 servus

145 2848 266 2888 esset
274 2841 323 2899 ¹²,
350 2843 484 2890 avida
504 2861 727 2893 novarum
749 2862 903 2893 rerum
923 2846 1128 2910 perfugit
1148 2866 1160 2902 ;
1184 2845 1323 2909 idque
1339 2846 1542 2910 primum
1562 2848 1621 2894 ad

144 2912 344 2969 coeptam
366 2909 732 2972 magnitudinem
753 2911 931 2959 roboris
958 2911 1063 2959 fuit.
1133 2912 1290 2967 Quum
1320 2911 1419 2976 jam
1452 2912 1620 2959 virium

143 2971 271 3019 haud
286 2973 544 3036 poeniteret,
563 2976 807 3026 consilium
825 2976 990 3026 deinde
1002 2976 1177 3026 viribus
1184 2976 1218 3005 ¹³
1231 2983 1381 3041 parat.
1418 2978 1619 3026 Centum

1325 3059 1357 3092 B
1393 3045 1422 3090 2
