1897 3287
638 215 801 245 LIBER
837 214 918 244 111.
947 213 991 244 c.
1019 214 1064 244 L.
1485 200 1575 248 279

138 330 475 377 “creandorum
496 324 834 372 conditionem?
871 342 923 372 ea
942 325 1177 387 pudicitiae
1198 325 1387 386 praemia
1408 341 1505 372 esse
1521 323 1573 371 2⁹³

132 401 380 456 ceteraque,
425 408 527 453 quae
569 390 620 435 in
662 390 742 435 tali
784 389 868 436 re⁵l
912 390 1146 435 muliebris
1190 389 1331 443 dolor,
1376 406 1465 451 quo
1508 396 1578 435 est

131 458 337 503 moestior
357 454 581 501 imbecillo
604 455 769 509 animo,
796 470 848 500 6ο
870 455 1016 514 magis
1038 453 1326 507 miserabilia,
1353 454 1577 514 querenti-

131 522 217 568 bus
262 519 458 581 subjicit.
542 518 758 564 Virorum
806 525 852 564 et
898 517 1097 563 maxime
1142 516 1298 562 Ι6111152
1343 533 1430 562 vox
1479 524 1578 563 tota

133 584 386 631 tribuniciae
408 583 648 644 potestatis
666 599 717 628 ac
733 582 1064 644 provocationis
1082 581 1140 626 ad
1155 580 1376 642 populum
1394 587 1574 642 ereptae,

131 648 504 709 publicarumque
525 647 904 708 indignationum,
932 652 1042 691 erat.

194 711 372 759 XLIX.
411 711 676 757 Concitatur
692 710 938 756 multitudo
951 710 1119 771 partim
1133 708 1367 755 atrocitate
1385 708 1576 763 sceleriS‚

130 776 296 837 partim
317 791 396 837 spe
417 791 499 837 per
516 775 796 820 occasionem
818 773 1075 836 repetendae
1092 773 1329 818 libertatis,
1397 773 1577 834 Appius

130 857 253 886 nunc
296 840 447 885 vocari
487 840 681 893 Icilium,
724 854 845 884 nunc
878 837 1236 884 retractantem⁵³
1278 836 1430 898 arripi,
1477 853 1580 898 pos-

128 901 289 958 tremo,
327 921 468 966 quum
501 903 627 949 locus
663 902 859 949 adeundi
893 902 1225 964 apparitoribus
1255 918 1348 946 non
1382 901 1578 956 daretur,

131 969 242 1031 ipse,
293 985 396 1014 cum
446 969 624 1029 agmine
672 967 966 1028 patriciorum
1011 966 1231 1027 juvenum
1273 982 1354 1027 per
1397 966 1579 1011 turbam

131 1033 313 1086 vadens,
354 1033 402 1077 in
424 1032 603 1077 vincula
636 1031 754 1085 duci,
784 1031 930 1092 jubet.
1000 1031 1104 1077 Jam
1139 1031 1255 1075 circa
1278 1029 1456 1075 Icilium
1489 1046 1582 1076 non

134 1097 280 1143 solum
313 1096 572 1150 multitudo,
611 1095 692 1141 sed
722 1095 858 1140 duces
894 1110 1069 1156 quoque
1097 1094 1403 1139 multitudinis
1437 1101 1577 1148 erant,

134 1161 188 1207 L.
226 1161 434 1206 Valerius
469 1167 514 1206 et
547 1159 617 1204 M.
656 1159 890 1213 Horatius,
940 1160 1031 1220 qui,
1069 1159 1250 1220 repulso
1282 1159 1453 1212 lictore,
1495 1159 1582 1204 “si

139 1225 278 1288 “jure
302 1232 466 1285 ageret,
502 1223 769 1269 vindicare⁵4
792 1239 839 1268 se
863 1226 888 1267 a
919 1223 1095 1284 privato
1120 1223 1331 1268 Icilium’'
1369 1223 1548 1268 aiebant
1568 1243 1580 1277 ;

138 1294 166 1314 “
187 1290 226 1334 si
255 1289 346 1334 vim
383 1289 541 1334 afferre
574 1294 824 1341 conaretur,
861 1287 926 1332 ibi
958 1303 1135 1348 quoque
1170 1303 1217 1332 se
1240 1286 1364 1331 haud
1386 1287 1582 1348 impares

138 1353 326 1398 “fora''
386 1353 510 1397 Hinc
527 1358 656 1397 atrox
672 1351 769 1396 rixa
785 1351 942 1396 oritur.
1001 1351 1231 1396 Valerium
1250 1350 1584 1412 Horatiumque

133 1417 265 1463 lictor
282 1416 523 1462 decemviri
544 1415 718 1461 invadit
736 1436 747 1470 ;
774 1416 1046 1476 franguntur
1063 1418 1089 1459 a
1109 1415 1403 1460 multitudine
1421 1415 1581 1460 fasces.

134 1482 192 1526 In
236 1480 498 1526 concionem
540 1480 721 1541 Appius
765 1480 984 1525 ascendit.
1054 1480 1314 1541 Sequuntur
1359 1480 1581 1525 Horatius

133 1545 458 1606 Valeriusque3
501 1560 578 1590 eos
614 1544 767 1590 concio
803 1544 957 1589 audit:
997 1543 1248 1589 decemviro
1285 1544 1577 1605 obstrepitur.

135 1610 240 1656 Jam
263 1625 346 1671 pro
379 1608 611 1670 imperio⁵⁵
647 1609 854 1653 Valerius
888 1608 1115 1653 discedere
1149 1611 1175 1652 a
1206 1607 1381 1669 privato
1404 1609 1584 1653 lictores

129 1673 350 1735 jubebat;
387 1690 540 1734 quum,
578 1672 734 1718 fractis
768 1673 944 1726 animis,
983 1672 1177 1733 Appius,
1219 1672 1326 1718 vitae
1359 1681 1580 1726 metuens,

134 1738 183 1783 in
207 1737 393 1783 domum
419 1754 465 1783 se
489 1737 789 1799 propinquam
813 1736 925 1790 foro,
951 1737 1106 1781 insciis
1131 1736 1410 1790 adversariis,
1438 1737 1584 1798 capite

136 1802 362 1855 obvoluto,
401 1802 582 1862 recepit.
653 1801 731 1862 Sp.
758 1801 950 1862 Oppius,
976 1807 1029 1846 ut
1052 1800 1217 1846 auxilio
1242 1800 1425 1861 collegae
1449 1808 1581 1855 esset,

135 1866 184 1911 in
216 1866 367 1911 forum
402 1882 456 1911 ex
489 1866 627 1911 altera
653 1872 780 1926 parte
813 1865 1039 1925 irrumpit.
1108 1865 1245 1910 Videt
1277 1865 1520 1926 imperium
1541 1865 1586 1910 vi

135 1930 319 1975 victum.
388 1930 602 1991 Agitatus
625 1929 785 1974 deinde
804 1928 1057 1983 601151111556,
1084 1936 1218 1991 atque
1242 1945 1296 1974 ex
1313 1929 1437 1974 omni
1458 1937 1586 1990 parte

136 1994 421 2039 assentiendo
439 1994 594 2039 multis
613 1994 872 2039 auctoribus
887 1992 1104 2055 trepidus,
1134 2000 1341 2039 senatum
1354 1994 1586 2055 postremo

136 2058 284 2104 vocari
301 2058 454 2119 jussit.
523 2058 592 2103 Ea
613 2074 698 2112 reS,
736 2058 857 2120 quod
877 2074 1056 2119 magnae
1078 2058 1198 2119 parti
1221 2058 1410 2104 Patrum
1433 2058 1588 2120 displi-

137 2138 235 2168 cere
279 2130 380 2167 acta
412 2123 767 2168 decemvirorum
799 2122 1080 2176 videbantur,
1132 2138 1211 2183 spe
1253 2138 1335 2183 per
1379 2130 1587 2168 senatum

137 2186 348 2232 finiendae
380 2187 620 2248 potestatis
655 2187 751 2248 ejus
773 2186 1112 2232 multitudinem
1136 2186 1323 2232 sedavit.
1393 2187 1587 2232 Senatus

137 2266 219 2296 nec
250 2250 429 2312 plebem
460 2250 726 2295 irritandam
760 2251 948 2305 censuit,
986 2258 1030 2296 et
1063 2250 1208 2296 multo
1250 2251 1396 2312 magis
1440 2252 1587 2312 provi-

137 2314 351 2369 dendum,
388 2331 445 2360 ne
478 2314 588 2376 quid
619 2315 814 2376 Virginii
847 2315 1068 2361 adventus
1101 2315 1149 2360 in
1193 2316 1391 2361 exercitu
1432 2315 1585 2361 motfis

137 2379 321 2425 faceret.

201 2443 256 2488 L.
294 2443 456 2504 Itaque
477 2443 608 2488 missi
634 2443 837 2504 juniores
871 2444 1061 2489 Patrum
1090 2444 1139 2489 in
1162 2450 1320 2499 castra,
1360 2460 1462 2505 quae
1486 2450 1586 2490 tum

136 2507 185 2553 in
205 2512 360 2554 monte
382 2507 594 2553 Vecilio⁵⁷
619 2515 758 2562 erant,
785 2508 1004 2553 nunciant
1026 2508 1303 2563 decemviris,
1346 2515 1440 2553 “ut
1461 2509 1587 2555 omni

137 2587 222 2633 ope
249 2572 305 2618 ab
334 2571 552 2618 seditione
574 2571 742 2617 milites
765 2572 1027 2618 contineant
1043 2573 1087 2626 ;’'
1125 2573 1204 2618 ubi
1230 2572 1464 2634 Virginius
1491 2589 1568 2618 ma.

132 2635 292 2696 jorem,
330 2639 465 2698 quam
496 2636 738 2697 reliquerat
759 2637 808 2681 in
839 2637 964 2691 urbe,
1002 2643 1178 2683 motum
1199 2637 1377 2682 excivit.
1446 2637 1582 2691 Nam,

137 2706 441 2761 praeterquam
463 2700 586 2761 quod
607 2701 787 2761 agmine
809 2704 952 2762 prope
985 2701 1418 2763 quadringentorum
1438 2700 1585 2747 homi-

137 2778 248 2808 num
270 2763 466 2818 veniens,
504 2765 582 2825 qui
604 2765 660 2809 ab
682 2765 793 2810 urbe
814 2765 1086 2826 indignitate
1106 2765 1171 2810 rei
1201 2765 1375 2811 accensi
1397 2766 1584 2812 comites

137 2826 178 2872 ei
213 2842 261 2872 se
295 2826 525 2882 dederant,
560 2836 828 2889 conspectus
859 2828 983 2891 est58,
1021 2829 1229 2875 strictum
1259 2829 1395 2875 etiam
1425 2829 1581 2885 telum,

137 2906 458 2953 respersusque
473 2891 572 2954 ipse
595 2908 765 2948 cruore,
792 2899 890 2939 tota
911 2893 960 2938 in
983 2909 1030 2939 se
1053 2899 1201 2939 castra
1223 2893 1483 2940 convertit-‘³⁹
1501 2915 1513 2950 ;
1539 2901 1584 2941 et
