1897 3287
652 241 818 278 mmm
844 245 902 276 11.
942 246 985 278 c.
1021 249 1153 282 an.
1549 246 1638 295 157

189 346 364 395 dirutas
393 351 573 413 publice
601 355 737 402 aedes.
773 358 842 404 Ea
876 366 945 405 est
976 376 1079 406 area
1110 371 1214 410 ante
1243 365 1436 413 Telluris
1473 370 1635 419 aedem.

189 412 403 459 Ceterum
427 415 519 461 sive
540 417 654 465 illud
687 421 1002 478 domesticum,
1029 426 1120 473 sive
1153 429 1385 488 publicum
1407 432 1494 477 fuit
1517 435 1640 496 judi-

187 476 320 530 cium,
359 478 601 527 damnatur
635 484 730 531 Ser.
768 487 991 542 Cornelio,
1031 489 1089 542 Q.
1127 491 1266 536 Fabio
1296 496 1571 544 consulibus.

249 540 406 587 XLII.
435 543 575 590 Haud
589 546 804 596 diuturna
816 552 883 597 ira
899 552 1057 613 populi
1074 553 1122 598 in
1137 554 1348 602 Cassium
1365 559 1466 604 fuit.
1525 562 1637 609 Dul-

184 603 295 650 cedo
318 607 507 667 agrariae
540 609 653 672 legis
683 614 784 675 ipsa
812 632 893 677 per
916 632 976 670 se,
1015 617 1200 679 dempto
1224 629 1417 676 auctore,
1456 625 1637 674 subibat

183 668 359 714 animos
378 690 390 724 ;
417 686 690 737 accensaque
708 694 760 724 ea
774 680 999 741 cupiditas
1014 688 1082 726 est
1099 683 1401 745 malignitate&
1417 687 1604 736 Patrum
1620 713 1633 746 ;

182 732 274 792 qui,
312 732 501 782 devictis
532 754 584 784 eo
614 756 733 787 anno
761 743 939 789 Volscis
966 745 1230 808 AEquisque,
1267 750 1458 796 militem
1480 755 1636 813 praeda

179 795 461 845 fraudavere.
507 802 742 866 Quidquid
772 815 956 869 captum
975 825 1030 854 ex
1063 810 1273 859 hostibus
1297 822 1379 869 est,
1430 818 1634 865 vendidit

127 896 130 899 Δ
178 859 348 907 Fabius
379 866 550 921 consul,
588 883 640 914 ac
669 870 842 933 redegit
876 872 926 918 in
959 874 1230 935 publicum⁷.
1300 879 1505 926 Invisum
1538 891 1634 929 erat

179 924 372 971 Fabium
414 944 581 976 nomen
623 933 745 994 plebi
794 943 980 998 propter
1021 939 1320 988 novissimum
1364 946 1594 993 consulem
1618 969 1630 1003 ;

176 990 382 1037 tenuere⁸
403 998 558 1040 tamen
581 996 751 1053 Patres,
778 1007 831 1045 ut
853 1017 956 1046 cum
980 1002 1037 1047 L.
1057 1003 1242 1051 AEmilio
1262 1007 1324 1052 K.
1346 1007 1512 1055 Fabius
1528 1027 1633 1058 con-

177 1053 249 1099 5111
270 1064 509 1103 crearetur.
577 1060 646 1106 Eo
668 1062 876 1109 infestior
896 1065 1016 1111 facta
1036 1067 1192 1128 plebes
1211 1070 1430 1118 seditione
1454 1072 1632 1123 domes-

174 1117 265 1164 tica
293 1119 463 1166 bellum
493 1129 730 1172 externum
764 1128 942 1175 excivit.
989 1130 1117 1177 Bello
1154 1132 1315 1181 deinde
1350 1136 1500 1183 civiles
1540 1140 1630 1186 dis-

174 1182 340 1229 cordiae
354 1185 642 1234 intermissae.
661 1190 766 1236 Uno
784 1193 934 1239 animo
950 1191 1108 1241 Patres
1124 1212 1174 1242 ac
1189 1198 1341 1259 plebes
1356 1201 1627 1252 rebellantes

173 1245 362 1293 Volscos
385 1255 431 1294 et
453 1252 640 1312 AEquos‚
679 1254 792 1301 duce
814 1257 1013 1312 AEmflio,
1050 1264 1266 1323 prospera
1286 1268 1439 1325 pugna
1462 1268 1623 1316 vicere.

172 1308 282 1356 Plus
317 1318 470 1358 tamen
502 1314 707 1363 hostium
740 1319 861 1380 fuga,
899 1324 1034 1383 quam
1073 1325 1302 1385 proelium,
1340 1330 1622 1394 absumpsit:

170 1373 283 1420 adeo
315 1377 606 1437 pertinaciter
640 1381 767 1428 fusos
796 1384 989 1431 insecuti
1025 1394 1132 1434 sunt
1161 1391 1350 1451 equiteS.
1420 1397 1624 1443 Castoris

170 1437 291 1484 aedes
314 1440 472 1486 eodem
495 1459 612 1490 anno
636 1446 797 1493 Idibus
822 1449 1126 1502 Quinctilibus
1151 1453 1358 1502 dedicata
1383 1468 1468 1508 est.
1503 1462 1624 1508 Vota

169 1510 264 1548 erat
279 1503 444 1551 Latino
461 1507 592 1563 bello,
624 1509 880 1559 Postumio9
897 1514 1129 1563 dictatore.
1170 1518 1312 1566 Filius
1327 1521 1436 1583 ejus,
1459 1525 1621 1571 duum-

166 1566 235 1612 vir
250 1567 309 1613 ad
336 1569 384 1614 id
404 1570 555 1631 ipsum
583 1582 772 1630 creatus,
801 1577 1038 1625 dedicavit.
1077 1581 1315 1630 Sollicitati
1353 1593 1399 1632 et
1427 1606 1479 1636 eo
1502 1606 1620 1636 anno

167 1638 274 1677 sunt
292 1632 528 1682 dulcedine
550 1640 738 1699 agrariae
760 1641 874 1702 legis
897 1643 1036 1689 animi
1058 1645 1219 1706 plebis.
1265 1649 1457 1699 Tribuni
1473 1655 1618 1716 plebis

163 1696 428 1757 popularem
451 1707 724 1760 potestatem
741 1704 839 1766 lege
853 1708 1062 1768 populari
1079 1710 1416 1763 celebrabantw.
1443 1719 1613 1774 PatreS‚

165 1761 276 1805 satis
306 1777 529 1825 superque
552 1768 770 1826 gratuitill
792 1770 957 1816 furoris
979 1773 1027 1817 in
1056 1774 1349 1824 multitudine
1383 1783 1616 1829 credentes

164 1839 275 1878 esse,
321 1824 582 1888 largitiones
626 1833 983 1897 temeritatisque
1021 1836 1318 1888 invitamenta
1351 1844 1612 1894 horrebant.

161 1888 385 1935 Acerrimi
419 1891 630 1941 Patribus
662 1896 798 1943 duces
833 1899 891 1945 ad
908 1901 1210 1949 resistendum
1234 1909 1440 1956 consules
1469 1911 1606 1958 fuere.

160 1951 229 1998 Ea
245 1952 385 2014 igitur
401 1971 507 2016 pars
530 1959 791 2020 reipublicae
808 1963 928 2019 vicit,
956 1981 1038 2011 nec
1055 1967 1103 2012 in
1120 1983 1322 2028 praesens
1341 1974 1475 2020 modo
1494 1996 1505 2030 ς
1532 1976 1610 2027 sed

157 2015 207 2061 in
228 2018 482 2065 venientem
498 2022 634 2068 etiam
648 2041 818 2072 annum
836 2027 907 2073 M.
925 2029 1152 2077 Fabium¹²
1171 2033 1384 2083 Kaesonis
1406 2039 1607 2096 fratrem,

158 2086 204 2125 et
219 2083 365 2143 magIS
378 2083 575 2132 invisum
590 2089 781 2135 alterum
799 2092 934 2153 plebi,
962 2096 1246 2144 accusatione
1265 2099 1343 2162 Sp.
1363 2102 1523 2160 Cassii,
1550 2105 1609 2153 L..

156 2143 388 2193 Valerium
406 2151 612 2197 consules
632 2153 772 2200 dedit.
842 2156 1079 2205 Certatum
1097 2176 1149 2206 eo
1173 2178 1350 2226 quoque
1367 2182 1486 2214 anno
1503 2185 1608 2216 cum

155 2209 352 2256 tribunis
376 2219 459 2258 est.
485 2214 613 2261 Vana
636 2217 708 2263 lex
725 2220 917 2282 vanique
934 2222 1046 2285 legis
1070 2232 1288 2282 auctoreS,
1319 2229 1535 2289 jactando
1548 2234 1608 2280 ir-

153 2272 294 2320 ritum
311 2292 493 2333 munus,
519 2278 642 2327 facti.
686 2283 878 2330 Fabium
895 2286 1000 2333 inde
1018 2304 1184 2335 nomen
1197 2291 1371 2353 ingens,
1391 2303 1498 2358 post
1513 2303 1607 2344 tres

153 2338 392 2386 continuos
410 2344 685 2400 consulatus,
712 2363 892 2410 unoque
914 2352 1037 2397 velut
1055 2359 1209 2400 tenore
1224 2372 1381 2405 omnes
1396 2367 1605 2422 expertos

151 2402 405 2451 tribuniciis
423 2409 797 2466 061161111111111115,13
815 2413 1039 2461 habitum.
1085 2418 1261 2481 Itaque,
1284 2429 1337 2468 ut
1350 2424 1465 2471 bene
1487 2425 1604 2473 loca-

151 2471 241 2521 tus,
268 2471 437 2516 mansit
454 2471 502 2516 in
520 2475 570 2518 ea
586 2473 757 2520 familia
777 2477 1056 2539 aliquamdiu
1077 2480 1239 2531 honos.
1293 2486 1473 2535 Bellum
1495 2490 1602 2539 inde

149 2529 316 2592 Vejens
350 2534 548 2590 initum3
584 2546 628 2583 et
664 2539 817 2586 Volsci
840 2543 1126 2593 rebellarunt.
1184 2548 1275 2595 Sed
1306 2551 1365 2598 ad
1386 2553 1504 2600 bella
1525 2571 1600 2602 ex-

147 2599 277 2641 terna
303 2602 447 2661 prope
470 2611 735 2663 supererant
761 2605 939 2662 xires143
976 2610 1366 2676 abutebanturque
1395 2617 1452 2663 iis
1480 2618 1601 2666 inter

147 2667 291 2705 semet
311 2662 436 2723 ipsos
459 2667 688 2714 certando.
756 2669 1001 2719 Accessere
1023 2673 1082 2721 ad
1105 2691 1249 2738 aegras
1270 2679 1368 2740 jam
1391 2682 1597 2730 omnium

145 2729 321 2770 mentes
353 2728 562 2790 prodigia
595 2732 849 2790 coelestia¹⁵‚
896 2741 1040 2799 prope
1075 2741 1361 2800 quotidianas
1399 2745 1448 2792 in
1481 2747 1596 2795 urbe

144 2786 352 2850 agrisque
370 2796 645 2841 ostentantia
666 2797 813 2844 minas
830 2819 842 2853 ;
874 2802 1076 2863 motique
1097 2803 1164 2849 ira
1178 2806 1380 2854 numinis
1410 2825 1594 2859 causam

105 2908 107 2910 q
142 2849 314 2898 nullam
342 2854 476 2901 aliam
502 2865 628 2905 vates
649 2862 883 2918 canebant,
921 2866 1102 2926 publice
1120 2868 1437 2935 privatimque,
1465 2892 1594 2924 nunc

142 2914 272 2971 extis,
298 2932 420 2965 1111110
433 2935 514 2981 per
529 2938 645 2980 aves,
672 2926 915 2983 consulti¹⁵‚
943 2932 1077 2992 quam
1094 2931 1220 2980 haud
1233 2935 1320 2983 rite
1335 2953 1461 2986 sacra
1476 2941 1592 2990 fieri.
