1897 3287
520 249 688 281 LIBER
712 249 747 281 1.
787 249 832 282 c.
859 250 996 281 xxn.
1454 236 1509 281 21

48 365 257 430 exempli,
294 379 445 411 mores
475 362 743 420 formarent,
779 369 881 411 tum
920 360 1153 410 finitimi³⁹
1178 359 1316 408 etiam
1339 363 1512 424 populi,

48 434 127 496 qui
150 433 258 479 ante
279 435 442 484 castra,
468 445 563 475 non
583 429 760 485 urbem,
799 428 1000 492 positam
1026 427 1077 474 in
1098 426 1250 474 medio
1273 426 1333 472 ad
1356 428 1519 473 sollici·
1541 463 1544 466 Δ

47 497 237 545 tandam
259 494 466 542 omnium
487 510 649 557 pacem
672 493 973 550 crediderant,
1005 492 1056 539 in
1078 508 1178 539 eam
1199 491 1520 538 verecundiam
1556 549 1558 551 Ι

47 557 235 609 adducti
268 566 390 615 sunt,
434 565 489 605 ut
535 559 779 616 civitatem,
830 565 977 606 totam
1022 557 1073 604 in
1119 557 1296 603 cultum
1341 573 1521 603 versam

47 628 250 682 deorum,
303 623 463 671 violari
512 623 731 671 ducerent
775 624 920 670 nefas.
1012 623 1167 669 Lucus
1215 627 1326 677 erat,
1385 638 1522 684 quem

46 692 252 739 medium
274 707 329 736 ex
352 705 496 752 opaco
521 706 663 751 specu
684 689 788 736 fons
809 688 1000 752 perenni
1033 688 1212 750 rigabat
1251 688 1395 749 aqua3
1433 686 1522 749 quo

46 757 155 821 quia
176 772 224 803 se
245 770 455 818 persaepe
478 754 636 800 Numa
658 755 756 801 sine
778 754 977 809 arbitris,
994 753 1120 799 velut
1143 752 1202 798 ad
1224 768 1522 813 congressum

48 823 162 879 deae,
211 820 450 874 inferebat,
504 819 720 866 Camenis
771 836 876 866 eum
925 819 1081 865 lucum
1132 817 1339 871 sacravit,
1401 815 1523 879 quod

46 902 205 934 earum
225 885 292 932 ibi
314 884 506 931 concilia
527 901 633 932 cum
668 883 862 948 conjuge
900 886 982 930 sua
1020 883 1185 945 Egeria
1222 888 1389 928 essent.
1460 882 1524 927 Et

46 951 134 999 soli
155 950 329 999 Fidei⁴0
356 950 558 996 sollenne
580 950 799 996 instituit.
868 950 947 996 Ad
968 949 1018 995 id
1041 948 1289 994 sacrarium
1312 947 1523 992 flamines

46 1015 167 1079 bigis
201 1032 339 1064 curru
371 1021 557 1062 arcuato
566 1014 597 1041 ⁴¹
631 1015 738 1061 vehi
784 1014 940 1078 jussit,
993 1029 1224 1076 manuque
1258 1012 1318 1058 ad
1352 1012 1523 1074 digitos

46 1097 193 1145 usque
224 1080 430 1127 involuta⁴
464 1096 561 1126 rem
600 1079 803 1126 divinam
841 1080 1000 1134 facere,
1041 1079 1351 1141 significantes
1384 1077 1523 1123 fidem

47 1146 292 1193 tutandam
316 1145 559 1207 sedemque
583 1145 681 1207 ejus
705 1145 885 1191 etiam42
903 1144 952 1190 in
971 1144 1143 1191 dextris
1163 1150 1387 1189 sacratam
1406 1158 1521 1188 esse.

49 1211 205 1258 Multa
221 1211 309 1257 alia
328 1209 547 1256 sacrificia
559 1209 747 1272 locaque
766 1209 905 1256 sacris
923 1209 1158 1263 faciendis,
1182 1225 1285 1270 quae
1301 1206 1523 1269 Argeos43

49 1276 288 1339 pontifices
310 1282 488 1329 vocant,
518 1274 759 1320 dedicavit.
829 1274 1053 1322 Omnium
1076 1281 1231 1319 tamen
1270 1273 1525 1318 maximum

50 1341 149 1404 ejus
183 1357 373 1404 operum
407 1340 496 1385 fuit
530 1340 688 1394 tutela,
726 1356 808 1402 per
831 1355 966 1385 omne
999 1339 1129 1400 regni
1162 1346 1360 1400 tempus,
1399 1336 1527 1382 haud

49 1407 200 1453 minor
221 1405 348 1468 pacis
371 1407 508 1467 quam
532 1405 677 1467 regni.
747 1406 822 1451 Ita
845 1405 936 1451 duo
961 1403 1175 1466 deinceps
1194 1403 1380 1465 reges⁴⁴,
1408 1402 1524 1447 alius

48 1472 137 1518 alia
157 1472 240 1526 via,
268 1471 344 1517 ille
366 1469 499 1524 bello,
527 1470 604 1515 hic
626 1485 750 1532 pace,
780 1470 1012 1516 civitatem
1036 1475 1275 1515 auxerunt.
1352 1468 1526 1513 Romu-

63 1553 121 1583 us
154 1543 331 1598 septem
365 1542 412 1581 et
444 1535 635 1597 triginta
668 1535 877 1596 regnavit
911 1551 1088 1588 annos3
1142 1534 1314 1588 Numa,
1352 1539 1445 1578 tres
1481 1538 1526 1578 et

47 1601 366 1665 quadraginta.
434 1601 557 1646 Tum
590 1600 752 1656 valida,
791 1608 892 1646 tum
926 1598 1223 1662 temperata⁴⁵
1260 1605 1306 1644 et
1338 1597 1446 1644 belli
1480 1604 1526 1642 et

47 1667 173 1729 pacis
196 1666 386 1719 artibus,
416 1672 513 1711 erat
536 1665 712 1711 civitas.

112 1732 279 1778 XXII.
316 1731 488 1777 Numae
510 1737 659 1776 morte
683 1730 743 1776 ad
764 1730 1080 1792 interregnum
1103 1745 1175 1775 res
1197 1727 1349 1774 redjit.
1409 1727 1526 1774 Inde

47 1796 236 1843 Tullum
273 1795 545 1850 Hostilium,
595 1802 814 1857 nepotem
862 1794 1069 1849 Hostilii,
1123 1793 1252 1855 cujus
1286 1793 1335 1838 in
1368 1792 1527 1839 infima

48 1861 193 1909 arce⁴¹*6
209 1861 329 1908 clara
345 1877 502 1923 pugna
520 1859 738 1906 adverssls
759 1860 952 1906 Sabinos
971 1860 1133 1914 fuerat,
1154 1875 1308 1920 regem
1326 1858 1527 1919 populus

42 1927 199 1989 jussit.
270 1927 430 1971 Patres
454 1934 662 1971 auctores
685 1925 859 1972 facti47.
930 1925 1023 1970 Hic
1040 1941 1134 1970 non
1153 1923 1302 1969 solum
1316 1924 1526 1985 proximo

49 1992 145 2054 regi
168 1991 418 2046 dissimih's,
448 1991 529 2036 sed
545 1991 738 2037 ferocior
756 1991 893 2036 etiam
913 1990 1129 2045 Romulo,
1150 1988 1239 2034 fuit
1256 2009 1267 2043 ;
1293 1995 1395 2034 tum
1414 1995 1527 2034 aetas

49 2058 270 2119 viresque,
309 2063 409 2101 tum
445 2055 567 2102 avita
600 2072 779 2118 quoque
814 2056 960 2118 gloria
993 2055 1199 2102 animum
1241 2053 1524 2100 stimulabat.

51 2122 293 2169 Senescere
314 2121 457 2183 igitur
486 2121 718 2167 civitatem
749 2120 842 2167 otio
882 2127 1024 2176 ratus,
1061 2119 1264 2182 undique
1287 2119 1526 2165 materiam

49 2187 278 2234 excitandi
317 2186 425 2232 belli
472 2187 723 2248 quaerebat.
815 2187 956 2233 Forte
1005 2185 1170 2240 evenit,
1223 2191 1276 2230 ut
1324 2191 1527 2246 agrestes

51 2252 249 2299 Romani
293 2268 349 2297 ex
382 2251 565 2297 Albano
611 2267 735 2313 agro,
774 2251 946 2298 Albani
985 2267 1041 2298 ex
1077 2251 1302 2304 Romano,
1342 2249 1526 2311 praedas

49 2318 244 2364 invicem
285 2322 487 2378 agerent.
558 2317 862 2379 Imperitabat
895 2323 997 2362 tum
1038 2315 1093 2361 C.
1134 2314 1330 2365 Cluilius
1369 2314 1522 2360 Albae.

51 2383 278 2445 Utrinque
301 2382 441 2444 legati
463 2382 559 2428 fere
583 2383 667 2427 sub
690 2381 814 2428 idem
837 2387 1022 2443 tempus
1047 2380 1106 2426 ad
1138 2396 1211 2426 res
1250 2379 1526 2441 repetendas

48 2448 194 2493 missi.
262 2447 426 2493 Tullus
472 2454 755 2509 praeceperat
805 2447 914 2501 suis,
965 2462 1023 2492 ne
1058 2445 1170 2508 quid
1201 2443 1345 2507 prius,
1385 2446 1524 2506 quam

50 2512 278 2567 mandata,
318 2518 537 2574 agerent3
590 2512 701 2558 satiS
744 2512 915 2558 sciebat
947 2519 1224 2573 negaturum
1257 2509 1523 2563 Albanum3

52 2586 114 2623 ‚ta
134 2578 211 2639 pie
243 2577 416 2623 bellum
447 2577 589 2624 indici
620 2593 772 2639 posse.
841 2577 917 2622 Ab
951 2576 1147 2622 Albanis
1183 2572 1419 2621 socordius
1453 2590 1527 2620 res

49 2650 165 2688 acta.
251 2642 446 2705 Excepti
478 2643 683 2704 hospitio
718 2643 774 2688 ab
809 2642 945 2688 Tullo
994 2641 1163 2687 blande
1207 2657 1260 2686 ac
1305 2639 1518 2701 benigne,

51 2707 242 2753 comiter
263 2708 384 2769 regis
409 2708 669 2755 convivium
692 2706 984 2754 celebrantss.
1053 2705 1301 2768 Tantisper
1326 2705 1526 2750 Romani

50 2782 96 2818 et
119 2788 190 2818 res
214 2773 518 2833 repetiverant
539 2771 775 2835 priores49,
803 2779 848 2818 et
870 2771 1059 2833 neganti
1081 2771 1262 2817 Albano
1285 2769 1458 2815 bellum
1475 2769 1526 2816 in

50 2836 340 2899 trigesimum
363 2837 485 2883 diem
506 2837 833 2884 indixerant-⁶⁵0.
914 2837 1034 2884 Haec
1066 2835 1337 2883 renunciant
1369 2832 1522 2881 Tullo.

49 2902 171 2947 Tum
205 2901 369 2964 legatis
407 2903 570 2949 Tullus
610 2902 791 2949 dicendi
825 2908 1118 2965 potestatem,
1170 2900 1282 2963 quid
1313 2907 1523 2963 petentes

53 2967 269 3022 venerint,
305 2966 430 3013 facit.
500 2967 589 3022 Illi,
628 2967 836 3016 omnium
858 2967 1021 3030 ignari,
1056 2965 1259 3029 primum
1281 2965 1523 3029 purgando
