1897 3287
278 225 370 270 236
885 237 931 269 T.
970 238 1123 270 mvn.

276 351 442 398 missos
464 351 679 398 nunciare
707 350 861 413 jussit,
903 358 934 377 “
952 353 1009 406 Q.
1037 351 1230 398 Fabium
1254 350 1486 397 consulem
1517 350 1665 398 dicere
1687 367 1736 397 se

280 422 312 441 “
329 432 385 462 ex
405 416 569 477 AEquis
589 433 749 478 pacem
773 416 968 462 Romam
990 417 1164 471 tulisse,
1201 416 1256 461 ab
1281 417 1428 461 Rome
1459 416 1622 477 AEquis
1642 415 1736 461 bel'-

280 480 423 525 “lum
447 481 619 535 afferre,
657 480 813 526 eadem
837 480 994 525 dextra
1023 483 1210 534 armata,
1247 496 1382 541 quam
1404 488 1613 541 pacatam
1644 479 1737 524 illis

281 550 462 590 “antea
498 545 698 590 dederat.
781 545 988 597 Quorum
1020 544 1070 588 id
1101 544 1291 603 perfidia
1323 552 1367 589 et
1401 544 1600 605 perjurio
1638 545 1734 599 fiat,

280 609 437 654 “deos
466 625 588 654 nunc
621 616 761 654 testes
792 624 905 661 esse,
941 624 1049 653 mox
1077 607 1173 653 fore
1202 608 1408 653 ultores&
1481 609 1537 654 Se
1565 618 1735 662 tamen,

282 679 312 698 “
328 681 559 734 utcunque
583 673 656 726 sit,
683 672 819 717 etiam
836 671 992 726 nunc⁹,
1018 672 1238 733 poenitere
1258 675 1337 717 3113
1360 683 1521 734 sponte
1544 673 1734 734 AEquos,

281 740 461 799 “quam
485 737 582 799 pati
604 735 801 790 hostilia,
838 736 988 781 malle.
1059 736 1106 781 Si
1128 737 1362 797 poeniteat,
1399 746 1551 782 tutum
1585 753 1737 798 recep-

281 808 313 826 “
330 809 430 846 tum
464 801 523 846 ad
552 808 785 861 expertam
819 800 1106 845 clementiam
1138 800 1263 854 fore3
1302 801 1372 845 sin
1404 801 1601 863 perjurio
1629 817 1737 863 gau-

283 871 314 890 “
331 866 480 919 deant,
529 864 615 910 diis
659 865 805 925 magis
847 864 1027 919 iratis10‚
1076 867 1212 925 quam
1255 865 1482 919 hostibus,
1529 872 1736 926 gesturos

282 936 313 954 “
330 929 550 976 bellum.’'
621 929 739 974 Haec
762 928 884 974 dicta
906 928 1017 974 adei)
1038 929 1155 973 nihil
1175 936 1415 974 moverunt
1446 946 1735 991 quemquam,

278 1003 332 1039 ut
353 993 491 1055 legati
512 996 656 1055 prope
677 993 833 1039 violati
856 993 963 1047 sint,
1000 994 1311 1055 exercitusque
1333 994 1382 1038 in
1410 993 1631 1054 Algidum
1661 994 1739 1039 ad-

278 1057 436 1104 versus
472 1059 704 1104 Romanos
735 1058 920 1103 missus.
991 1058 1108 1112 Quae
1137 1057 1218 1102 ubi
1254 1059 1450 1104 Romam
1485 1063 1592 1103 sunt
1623 1074 1738 1103 nun-

280 1123 410 1177 ciata,
447 1122 697 1184 indignitas
735 1122 814 1176 rei,
854 1123 999 1184 magis
1033 1125 1169 1184 quam
1202 1122 1469 1183 periculum,
1508 1123 1739 1168 consulem

280 1187 473 1232 alterum
496 1187 552 1232 ab
575 1187 686 1232 urbe
709 1187 871 1232 excivit
890 1207 903 1241 ;
937 1188 1002 1232 ita
1025 1187 1114 1232 duo
1145 1187 1403 1232 consulares
1438 1187 1662 1235 exercitus
1681 1187 1742 1233 ad

280 1252 462 1297 hostem
485 1254 712 1297 accessere
735 1252 828 1297 acie
850 1251 1086 1306 instructa,
1112 1259 1165 1296 ut
1189 1251 1431 1297 confestim
1455 1251 1738 1297 dimicarent.

283 1316 385 1370 Sed,
419 1333 560 1378 quum
586 1316 705 1361 forte
734 1315 861 1361 haud
881 1316 1079 1361 multum
1104 1316 1193 1361 diei
1224 1322 1496 1377 superesset,
1531 1332 1652 1361 unus
1683 1316 1739 1361 ab

282 1382 476 1427 statione
489 1381 693 1426 hostium
714 1380 933 1426 exclamat
955 1399 963 1425 :
1005 1386 1037 1405 “
1051 1380 1295 1427 Ostentare
1312 1381 1399 1426 hoc
1414 1388 1497 1436 est,
1525 1381 1739 1434 Romani,

286 1451 317 1470 “
334 1461 427 1491 non
464 1461 632 1505 gerere,
675 1445 845 1490 bellum
867 1466 878 1498 ;
920 1445 969 1490 in
1011 1453 1193 1490 noctem
1236 1445 1554 1491 imminentem
1599 1445 1741 1491 aciem

287 1509 591 1564 “instruitis3
627 1509 830 1570 longiore
851 1509 951 1554 luce
985 1509 1044 1554 ad
1075 1509 1123 1554 id
1158 1516 1400 1564 certamen,
1439 1509 1560 1571 quod
1581 1509 1739 1563 instat,

287 1574 466 1620 “nobis
501 1590 615 1635 opus
655 1582 739 1619 est.
815 1574 1028 1620 Crastino
1059 1573 1131 1619 die
1170 1575 1342 1620 oriente
1383 1574 1475 1619 sole
1514 1573 1659 1619 redite
1693 1575 1742 1619 in

287 1645 318 1664 “
335 1639 476 1684 aciem
493 1659 505 1693 ;
543 1638 627 1684 erit
649 1639 779 1700 copia
800 1638 1049 1700 pugnandi,
1085 1655 1143 1683 ne
1165 1638 1371 1684 timete.''
1442 1638 1533 1683 His
1554 1639 1741 1684 vocibus

281 1703 487 1749 irritatus
509 1703 641 1748 miles
663 1703 712 1747 in
735 1702 855 1748 diem
876 1710 1113 1764 posterum
1135 1703 1184 1748 111
1207 1708 1354 1748 castra
1375 1702 1620 1757 reducitur,
1645 1703 1742 1748 lon-

283 1784 388 1829 gam
409 1767 592 1813 venireu
614 1774 796 1812 noctem
817 1774 958 1821 ratus,
986 1783 1089 1829 quae
1105 1783 1280 1812 moram
1299 1767 1535 1812 certamini
1557 1767 1738 1813 faceret.

282 1833 404 1878 Tum
427 1831 611 1894 quidem
634 1847 821 1893 corpora
843 1831 944 1877 cibo
967 1848 1216 1893 somnoque
1239 1839 1414 1877 curant.
1483 1831 1579 1878 Ubi
1592 1831 1743 1877 ifluxit

282 1904 467 1959 postero
503 1896 590 1951 die,
631 1897 756 1958 prior
791 1896 1024 1958 aliquanto
1063 1896 1303 1942 constitit12
1341 1897 1550 1942 Romana
1593 1897 1740 1950 acies;

283 1961 469 2007 tandem
513 1968 559 2007 et
601 1961 741 2022 AEqui
789 1964 1066 2022 processere.
1136 1961 1355 2006 Proelium
1398 1960 1486 2006 fuit
1529 1961 1743 2023 utrinque

282 2027 542 2080 vehemens,
585 2026 706 2087 quod
740 2033 785 2071 et
824 2026 1060 2070 Romanus
1083 2026 1150 2070 113
1187 2025 1379 2086 odioque
1412 2026 1662 2086 pugnabat,
1699 2034 1745 2071 et

283 2091 459 2152 AEquos
477 2091 752 2136 conscientia
775 2091 994 2136 contracti
1013 2090 1144 2151 culpa
1160 2090 1362 2151 periculi,
1389 2098 1435 2135 et
1453 2089 1744 2151 [103Ρο1311013

283 2155 453 2201 futurae
469 2155 554 2200 sibi
576 2163 737 2215 postea
752 2154 873 2208 fidei,
899 2155 1062 2200 ultima
1079 2155 1244 2200 audere
1263 2161 1308 2199 et
1325 2154 1519 2215 experiri
1537 2155 1741 2216 cogebat.

285 2220 393 2265 Non
415 2228 568 2265 tamen
593 2220 848 2265 sustinuere
871 2220 1013 2264 aciem
1042 2220 1298 2264 Romanam
1330 2219 1497 2280 AEqui3
1534 2219 1744 2281 pulsique

285 2300 425 2345 quum
447 2284 496 2329 in
518 2285 630 2329 fines
663 2300 769 2329 suos
795 2299 842 2329 se
875 2284 1166 2345 recepissent,
1203 2283 1348 2328 nihilo
1381 2283 1744 2329 inclinatioribus

284 2348 343 2393 ad
362 2365 522 2421 pacem
545 2349 722 2403 animis,
750 2348 877 2393 ferox
909 2348 1192 2394 multitudo
1180 2364 1412 2409 lncrepare
1436 2348 1589 2402 duces,
1623 2348 1744 2420 quod

282 2413 331 2458 111
353 2412 509 2467 aciem,
546 2429 633 2474 qua
653 2412 889 2474 pugnandi
911 2420 1006 2458 arte
1021 2414 1257 2458 Romanus
1274 2412 1475 2466 excellat,
1502 2412 1745 2457 commissa

283 2493 354 2522 res
379 2477 453 2522 sit.
525 2483 556 2502 “
573 2478 747 2539 AEquos
768 2476 1140 2549 populationibus
1162 2477 1585 2538 incursionibusque
1616 2477 1744 2522 meli-

286 2548 431 2587 “ores
467 2556 579 2595 esse,
623 2550 669 2586 et
705 2541 873 2586 multas
908 2542 1082 2603 passim
1119 2557 1297 2595 manus,
1349 2556 1485 2601 quam
1529 2557 1742 2603 magnam

285 2606 497 2651 “molem
519 2605 654 2650 unius
679 2606 912 2660 exercitus,
950 2604 1118 2651 rectius
1139 2605 1258 2650 bella
1279 2605 1483 2665 gerere.''

347 2669 444 2715 III.
482 2669 658 2715 Relicto
681 2669 834 2730 itaque
857 2670 1017 2714 castris
1039 2669 1269 2730 praesidio,
1297 2669 1469 2729 egressi
1484 2676 1613 2715 tanto
1636 2685 1741 2715 cum

281 2734 485 2779 tumultu
515 2734 719 2778 invasere
752 2734 865 2778 fines
901 2734 1148 2787 Romanos,
1191 2740 1243 2777 ut
1277 2733 1335 2778 ad
1367 2734 1528 2779 urbem
1562 2749 1741 2796 quoque

282 2805 426 2843 terrm
429 2815 500 2843 em
522 2796 822 2859 pertulerint3
857 2797 1128 2858 necopinata
1151 2797 1287 2842 etiam
1310 2813 1382 2842 res
1405 2797 1510 2859 plus
1542 2798 1740 2859 trepida-

282 2863 421 2908 tionis
443 2863 564 2916 fecit,
601 2862 723 2923 qued
744 2860 860 2906 nihil
880 2861 1047 2916 minus,
1086 2877 1222 2923 quam
1244 2877 1301 2906 ne
1333 2862 1482 2908 victus
1513 2879 1565 2908 ac
1594 2865 1740 2935 prope

279 2925 331 2972 in
347 2927 505 2973 castris
523 2927 735 2973 obsessus
751 2925 899 2971 hostis
913 2942 1089 2972 memor
1104 2925 1415 2988 populationis
1433 2934 1566 2982 esset,
1587 2926 1739 2973 timeri
