1897 3287
248 228 312 276 38
854 242 905 276 T.
941 240 1098 275 nvn.

251 353 484 402 ardentem
518 353 569 401 in
605 354 780 402 flumen
814 355 1121 418 conjicerent;
1157 361 1383 419 ventoque
1411 357 1602 420 juvante
1639 373 1712 406 ac·

250 435 385 466 censa
405 420 542 482 ligna,
571 427 616 466 et
650 420 864 483 pleraque
902 421 952 467 in
990 421 1164 467 ratibus
1174 420 1226 476 ³⁶,
1267 421 1470 484 impacta
1507 423 1707 479 subliciS,

251 501 393 547 quum
414 484 656 539 haererent,
682 484 919 546 pontem³⁷
942 484 1208 533 incendunt.
1278 485 1347 532 Ea
1369 503 1547 550 quoque
1567 504 1640 534 res
1662 488 1713 534 in

251 552 406 612 pugna
427 557 646 596 terrorem
671 549 828 595 attulit
865 550 1060 605 Sabinis,
1099 556 1144 596 et
1166 549 1329 596 fusis³⁸
1368 552 1526 597 eadem
1554 552 1713 614 fugam

252 614 491 676 impediit3
528 613 753 675 multique
775 614 1006 669 mortales,
1035 630 1177 677 quum
1211 615 1393 661 hostem
1426 616 1709 677 effugissent,

250 678 301 724 in
322 679 510 724 flumine
532 678 633 739 ipso
655 678 858 739 periere;
884 695 1078 741 quorum
1101 679 1329 725 fluitantia
1341 696 1467 726 arma
1481 680 1539 726 ad
1551 681 1713 726 urbem

253 743 436 806 cognita
456 743 506 788 in
528 742 698 797 Tiberi,
723 742 853 804 prius
876 746 995 806 pene
1010 746 1145 806 quam
1159 744 1366 790 nunciari
1381 751 1553 807 posset,
1574 744 1715 807 insig-

252 824 359 855 nem
393 807 632 854 victoriam
664 806 875 854 fecere³⁹.
943 808 1012 854 Eo
1045 808 1205 870 praelio
1238 809 1473 871 praecipua
1506 810 1713 872 equitum

234 874 237 877 ’
254 873 398 935 gloria
419 872 523 919 fuit.
591 871 821 934 Utrinque
836 872 892 918 ab
908 873 1120 918 cornibus
1138 873 1328 935 positos,
1347 890 1489 936 quum
1505 874 1603 936 jam
1620 874 1715 936 pel-

254 938 425 985 leretur
445 936 597 983 media
618 936 828 998 peditum
853 953 1041 984 suorum
1075 938 1208 992 acies,
1233 938 1301 984 ita
1330 938 1635 985 incucurrisse
1657 939 1714 986 ab

254 1002 472 1050 lateribus
495 1002 664 1056 ferunt,
688 1007 743 1046 ut
763 1017 858 1047 non
881 1002 1095 1048 sisterent
1117 1002 1255 1048 modo
1279 1003 1471 1049 Sabinas
1493 1003 1711 1065 legiones,

254 1067 464 1114 ferociter
485 1067 711 1112 instantes
734 1066 1014 1123 cedentibus,
1053 1067 1134 1112 sed
1168 1067 1320 1113 subito
1340 1068 1390 1113 in
1412 1068 1570 1130 fugam
1592 1084 1717 1115 aver-

256 1139 419 1178 terent.
489 1131 678 1177 Montes
702 1131 847 1178 effuso
870 1147 1008 1178 cursu
1042 1131 1199 1178 Sabim·
1231 1133 1464 1194 petebant,
1502 1139 1548 1179 et
1581 1133 1718 1195 pauci

256 1197 485 1244 tenuere⁴⁰
505 1217 516 1251 ;
542 1196 742 1242 maxima
755 1212 876 1258 pars,
902 1203 956 1242 ut
972 1199 1081 1243 ante
1105 1197 1279 1243 dictum
1302 1204 1387 1252 est,
1406 1198 1462 1243 ab
1486 1197 1717 1260 equitibus

256 1261 304 1308 in
328 1263 500 1308 fiumen
523 1261 614 1307 acti
647 1267 770 1307 sunt.
839 1261 1132 1323 Tarquinius,
1169 1261 1439 1308 instandum
1461 1262 1717 1324 perterritis

257 1334 397 1382 ratus,
423 1326 581 1389 praeda
602 1325 882 1387 captivisque
905 1326 1102 1372 Romam
1125 1326 1293 1381 missis,
1320 1327 1477 1389 spoliis
1511 1327 1719 1373 hostium

260 1393 440 1453 (votum
462 1391 511 1437 id
525 1390 769 1436 Vulcano*u
794 1391 909 1452 erat)
927 1390 1104 1453 ingenti
1127 1391 1310 1437 cumulo
1333 1392 1549 1447 accensiS,
1566 1392 1718 1454 pergit

257 1457 393 1518 porro
414 1455 463 1502 in
485 1472 646 1517 agrum
671 1455 893 1501 Sabinum
917 1456 1164 1502 exercitum
1196 1456 1440 1511 inducere3
1477 1464 1536 1513 et,
1575 1473 1718 1520 quan-

259 1537 396 1583 quam
418 1521 538 1567 male
560 1526 691 1582 gesta
711 1536 783 1566 res
817 1526 926 1575 erat,
964 1536 1049 1567 nec
1082 1528 1291 1583 gesturos
1329 1520 1496 1568 melius
1537 1537 1718 1584 sperare

258 1591 483 1647 poterant,
510 1592 678 1639 tamen,
705 1585 814 1647 quia
835 1585 1103 1632 consulendi
1124 1603 1196 1632 res
1219 1603 1314 1632 non
1337 1586 1474 1632 dabat
1498 1586 1713 1649 spatium,

258 1652 350 1697 iere,
386 1650 565 1696 obviam
605 1650 762 1695 Sabini
798 1651 1098 1697 tumultuario
1131 1651 1305 1706 milite;
1352 1652 1610 1715 iterumque
1653 1651 1720 1698 ibi

259 1715 364 1769 fusi,
391 1714 582 1794 perditis
600 1714 697 1777 jam
719 1718 863 1776 prope
886 1716 1035 1770 rebus,
1062 1732 1222 1778 pacem
1244 1717 1431 1778 petiere.
1462 1731 1467 1734 ⁴

326 1779 608 1826 XXXVIII.
637 1779 889 1835 Collatia‘ffl,
917 1788 963 1827 et
986 1781 1202 1844 quicquid
1219 1782 1337 1827 circa
1354 1781 1597 1827 Collatiam
1621 1780 1721 1843 agri

261 1851 369 1898 erat,
404 1844 584 1890 Sabinis
607 1843 890 1905 ademptum.
959 1841 1154 1907 Egerius
1181 1846 1356 1907 (fratris
1377 1847 1455 1893 hic
1477 1846 1598 1893 filius
1623 1853 1720 1892 erat

261 1909 400 1971 regis)
424 1909 631 1955 Collatiae
649 1909 698 1954 in
711 1909 928 1970 praesidio
943 1911 1151 1965 relictus;
1178 1911 1445 1975 deditosque
1465 1911 1719 1957 CoHatinos

260 1974 326 2019 ita
348 1973 534 2036 accipio,
561 1989 749 2035 eamque
773 1973 1017 2020 deditionis
1040 1975 1283 2021 formulam
1307 1992 1420 2022 esse.
1459 1977 1559 2022 Rex
1580 1977 1720 2022 inter-

260 2038 463 2100 rogavit:
504 2044 534 2063 “
548 2038 734 2083 Estisne
755 2054 836 2084 vos
858 2039 997 2101 legati
1019 2047 1320 2102 oratoresque,
1347 2040 1478 2086 missi
1500 2043 1526 2086 a
1546 2040 1720 2102 populo

266 2109 296 2128 “
320 2102 561 2157 Collatino,
587 2110 640 2148 ut
673 2119 753 2148 vos
786 2104 1100 2166 populumque
1135 2104 1415 2151 Collatinum
1455 2104 1718 2151 dederetis?

266 2175 296 2192 “
320 2169 495 2214 Sumus.
565 2167 709 2213 Estne
743 2169 941 2230 populus
966 2168 1221 2215 Collatinus
1243 2170 1292 2215 in
1316 2173 1397 2216 sua
1418 2177 1647 2232 potestate
1661 2167 1718 2216 ΒΤ

265 2239 294 2258 “
316 2233 420 2278 Est.
489 2231 729 2278 Deditisne
752 2249 832 2279 vos
861 2234 1175 2297 populumque
1209 2234 1504 2290 Collatinum,
1540 2236 1715 2290 urbem,

265 2304 295 2323 “
318 2313 464 2359 agros,
508 2313 686 2359 aquam,
730 2298 964 2354 terminos,
1016 2298 1215 2354 delubra,
1258 2300 1527 2355 utensilia⁴⁵‚
1567 2300 1722 2346 divina

266 2368 295 2387 “
317 2362 609 2423 humanaque
632 2363 798 2419 omnia,
825 2363 874 2409 in
895 2380 1046 2410 meam
1077 2364 1326 2426 populique
1355 2365 1553 2411 Romani
1586 2365 1720 2410 ditio-

265 2433 296 2453 “
317 2425 459 2474 nem?
546 2427 781 2474 Dedimus.
849 2428 915 2474 At
958 2444 1042 2490 ego
1085 2429 1305 2490 recipio.''
1375 2430 1505 2475 Bello
1551 2429 1720 2477 Sabino

260 2491 473 2553 perfecto,
500 2491 777 2553 Tarquinius
801 2493 1136 2555 triumphans⁴⁵
1163 2495 1359 2540 Romam
1381 2494 1533 2539 rediit.
1602 2494 1721 2540 Inde

259 2557 421 2618 priscis
445 2556 624 2602 Latinis
645 2555 818 2603 bellum
836 2558 945 2604 fecit
964 2578 976 2613 ;
1001 2558 1081 2604 ubi
1095 2574 1320 2620 nusquam
1337 2558 1395 2604 ad
1411 2558 1637 2605 universae
1654 2559 1721 2604 rei

261 2621 599 2668 dimicationem
620 2629 808 2668 ventum
833 2630 917 2669 est.
984 2622 1063 2668 Ad
1085 2623 1265 2684 singula
1286 2623 1456 2685 oppida
1484 2623 1720 2670 circumfe-

260 2686 401 2732 rendo
425 2702 563 2741 arma,
590 2701 725 2734 omne
747 2703 917 2733 nomen
936 2687 1156 2733 Latinum
1172 2687 1365 2733 domuit.
1404 2687 1715 2743 Corniculum,

262 2750 445 2797 Ficulea
465 2758 610 2805 vetus,
646 2750 866 2807 Cameria,
908 2751 1288 2807 Crustumerium,
1329 2752 1573 2808 Ameriola,
1618 2752 1719 2798 Me-

262 2813 414 2869 dullia,
442 2817 740 2872 Nomentum,
778 2817 880 2863 haec
917 2816 973 2863 de
1010 2817 1174 2879 priscis
1203 2816 1397 2872 Latinis,
1435 2823 1515 2863 aut
1550 2817 1628 2880 qui
1661 2816 1721 2863 ad

262 2878 452 2925 Latinos
476 2880 746 2938 defecerant,
774 2889 908 2944 capta
930 2881 1114 2944 oppida.
1184 2881 1281 2927 Pax
1305 2881 1467 2928 deinde
1489 2888 1558 2927 est
1582 2882 1716 2928 facta.

261 2942 440 3006 Majore
461 2944 567 3021 ind?
601 2947 754 2995 animo
775 2947 902 3010 pacis
935 2962 1073 3010 opera
1104 2946 1332 3002 inchoata,
1375 2949 1511 3009 quam
1551 2948 1720 3009 quanta
