<?xml version="1.0" encoding="UTF-8"?>
<!DOCTYPE html PUBLIC "-//W3C//DTD XHTML 1.0 Transitional//EN"
    "http://www.w3.org/TR/xhtml1/DTD/xhtml1-transitional.dtd">
<html xmlns="http://www.w3.org/1999/xhtml" xml:lang="en" lang="en">
 <head>
  <title>
</title>
<meta http-equiv="Content-Type" content="text/html;charset=utf-8" />
  <meta name='ocr-system' content='tesseract 3.04.00' />
  <meta name='ocr-capabilities' content='ocr_page ocr_carea ocr_par ocr_line ocrx_word'/>
</head>
<body>
  <div class='ocr_page' id='page_1' title='image "./historiaelibritr00livyuoft_0275.png"; bbox 0 0 1897 3287; ppageno 0'>
   <div class='ocr_carea' id='block_1_1' title="bbox 528 202 1526 253">
    <p class='ocr_par' dir='ltr' id='par_1_1' title="bbox 528 202 1526 253">
     <span class='ocr_line' id='line_1_1' title="bbox 528 202 1526 253; baseline 0 -1"><span class='ocrx_word' id='word_1_1' title='bbox 528 220 696 253; x_wconf 70' lang='lat' dir='ltr'><strong>mmm</strong></span> <span class='ocrx_word' id='word_1_2' title='bbox 719 218 805 252; x_wconf 59' lang='lat'>1⁴11.</span> <span class='ocrx_word' id='word_1_3' title='bbox 833 218 880 252; x_wconf 91' lang='lat' dir='ltr'><strong>c.</strong></span> <span class='ocrx_word' id='word_1_4' title='bbox 905 217 1058 251; x_wconf 79' lang='lat' dir='ltr'><strong>xxrv.</strong></span> <span class='ocrx_word' id='word_1_5' title='bbox 1430 202 1526 252; x_wconf 84' lang='lat'>257·</span> 
     </span>
    </p>
   </div>
   <div class='ocr_carea' id='block_1_2' title="bbox 59 329 1531 2969">
    <p class='ocr_par' dir='ltr' id='par_1_2' title="bbox 59 329 1531 2969">
     <span class='ocr_line' id='line_1_2' title="bbox 65 329 1529 398; baseline -0.003 -15"><span class='ocrx_word' id='word_1_6' title='bbox 65 333 198 398; x_wconf 82' lang='lat' dir='ltr'><strong>pulso</strong></span> <span class='ocrx_word' id='word_1_7' title='bbox 229 334 379 391; x_wconf 89' lang='lat' dir='ltr'><strong>hoste,</strong></span> <span class='ocrx_word' id='word_1_8' title='bbox 412 333 666 396; x_wconf 89' lang='lat' dir='ltr'><strong>periculum</strong></span> <span class='ocrx_word' id='word_1_9' title='bbox 699 331 818 379; x_wconf 72' lang='lat' dir='ltr'><strong>esse⁴</strong></span> <span class='ocrx_word' id='word_1_10' title='bbox 849 330 1059 387; x_wconf 82' lang='lat' dir='ltr'><strong>desierat,</strong></span> <span class='ocrx_word' id='word_1_11' title='bbox 1096 335 1142 378; x_wconf 89' lang='lat' dir='ltr'><strong>et</strong></span> <span class='ocrx_word' id='word_1_12' title='bbox 1172 329 1272 393; x_wconf 91' lang='lat' dir='ltr'><strong>ipse</strong></span> <span class='ocrx_word' id='word_1_13' title='bbox 1293 329 1350 377; x_wconf 87' lang='lat' dir='ltr'><strong>ab</strong></span> <span class='ocrx_word' id='word_1_14' title='bbox 1381 330 1529 378; x_wconf 60' lang='lat' dir='ltr'><strong>Roma</strong></span> 
     </span>
     <span class='ocr_line' id='line_1_3' title="bbox 65 393 1526 462; baseline -0.003 -15"><span class='ocrx_word' id='word_1_15' title='bbox 65 400 312 462; x_wconf 87' lang='lat' dir='ltr'><strong>profectus.</strong></span> <span class='ocrx_word' id='word_1_16' title='bbox 380 398 456 444; x_wconf 89' lang='lat' dir='ltr'><strong>Ita</strong></span> <span class='ocrx_word' id='word_1_17' title='bbox 487 397 698 443; x_wconf 73' lang='lat' dir='ltr'><strong>bifariam</strong></span> <span class='ocrx_word' id='word_1_18' title='bbox 719 396 929 443; x_wconf 88' lang='lat' dir='ltr'><strong>consules</strong></span> <span class='ocrx_word' id='word_1_19' title='bbox 951 394 1146 457; x_wconf 89' lang='lat' dir='ltr'><strong>ingressi</strong></span> <span class='ocrx_word' id='word_1_20' title='bbox 1166 393 1372 444; x_wconf 83' lang='lat' dir='ltr'><strong>hostium</strong></span> <span class='ocrx_word' id='word_1_21' title='bbox 1395 395 1526 451; x_wconf 70' lang='lat' dir='ltr'><strong>finae,</strong></span> 
     </span>
     <span class='ocr_line' id='line_1_4' title="bbox 65 459 1527 526; baseline -0.002 -16"><span class='ocrx_word' id='word_1_22' title='bbox 65 464 240 526; x_wconf 84' lang='lat' dir='ltr'><strong>ingenti</strong></span> <span class='ocrx_word' id='word_1_23' title='bbox 256 461 522 510; x_wconf 83' lang='lat' dir='ltr'><strong>certamine5</strong></span> <span class='ocrx_word' id='word_1_24' title='bbox 541 461 650 507; x_wconf 88' lang='lat' dir='ltr'><strong>hinc</strong></span> <span class='ocrx_word' id='word_1_25' title='bbox 666 461 872 516; x_wconf 84' lang='lat' dir='ltr'>Volscos,</span> <span class='ocrx_word' id='word_1_26' title='bbox 894 459 1003 506; x_wconf 86' lang='lat' dir='ltr'><strong>hine</strong></span> <span class='ocrx_word' id='word_1_27' title='bbox 1020 460 1211 521; x_wconf 79' lang='lat' dir='ltr'><strong>AEquOS,</strong></span> <span class='ocrx_word' id='word_1_28' title='bbox 1230 459 1527 520; x_wconf 81' lang='lat' dir='ltr'><strong>populantur.</strong></span> 
     </span>
     <span class='ocr_line' id='line_1_5' title="bbox 65 523 1529 586; baseline -0.003 -12"><span class='ocrx_word' id='word_1_29' title='bbox 65 527 240 574; x_wconf 91' lang='lat' dir='ltr'><strong>Eodem</strong></span> <span class='ocrx_word' id='word_1_30' title='bbox 262 542 381 573; x_wconf 87' lang='lat' dir='ltr'><strong>anno</strong></span> <span class='ocrx_word' id='word_1_31' title='bbox 411 525 608 572; x_wconf 75' lang='lat' dir='ltr'>descisse</span> <span class='ocrx_word' id='word_1_32' title='bbox 642 526 855 571; x_wconf 82' lang='lat' dir='ltr'><strong>Antiates</strong></span> <span class='ocrx_word' id='word_1_33' title='bbox 889 523 1015 586; x_wconf 92' lang='lat' dir='ltr'><strong>apud</strong></span> <span class='ocrx_word' id='word_1_34' title='bbox 1045 523 1287 585; x_wconf 89' lang='lat' dir='ltr'><strong>plerosque</strong></span> <span class='ocrx_word' id='word_1_35' title='bbox 1320 529 1529 570; x_wconf 68' lang='lat' dir='ltr'><strong>auetorae</strong></span> 
     </span>
     <span class='ocr_line' id='line_1_6' title="bbox 63 587 1526 648; baseline -0.004 -10"><span class='ocrx_word' id='word_1_36' title='bbox 63 592 272 646; x_wconf 83' lang='lat' dir='ltr'><strong>inveni03</strong></span> <span class='ocrx_word' id='word_1_37' title='bbox 320 590 376 636; x_wconf 92' lang='lat' dir='ltr'><strong>L.</strong></span> <span class='ocrx_word' id='word_1_38' title='bbox 425 590 689 637; x_wconf 89' lang='lat' dir='ltr'><strong>Cornelium</strong></span> <span class='ocrx_word' id='word_1_39' title='bbox 733 588 966 636; x_wconf 85' lang='lat' dir='ltr'><strong>consulem</strong></span> <span class='ocrx_word' id='word_1_40' title='bbox 1009 587 1060 634; x_wconf 94' lang='lat' dir='ltr'><strong>id</strong></span> <span class='ocrx_word' id='word_1_41' title='bbox 1100 587 1272 634; x_wconf 91' lang='lat' dir='ltr'><strong>bellum</strong></span> <span class='ocrx_word' id='word_1_42' title='bbox 1315 587 1526 648; x_wconf 86' lang='lat' dir='ltr'><strong>gessisse,</strong></span> 
     </span>
     <span class='ocr_line' id='line_1_7' title="bbox 63 650 1530 717; baseline -0.003 -16"><span class='ocrx_word' id='word_1_43' title='bbox 63 655 373 717; x_wconf 87' lang='lat' dir='ltr'><strong>oppidumque</strong></span> <span class='ocrx_word' id='word_1_44' title='bbox 394 655 584 717; x_wconf 88' lang='lat' dir='ltr'><strong>cepisse.</strong></span> <span class='ocrx_word' id='word_1_45' title='bbox 654 654 843 700; x_wconf 86' lang='lat' dir='ltr'><strong>Certum</strong></span> <span class='ocrx_word' id='word_1_46' title='bbox 865 652 1104 708; x_wconf 86' lang='lat' dir='ltr'><strong>affirmare,</strong></span> <span class='ocrx_word' id='word_1_47' title='bbox 1132 651 1239 714; x_wconf 86' lang='lat' dir='ltr'><strong>quia</strong></span> <span class='ocrx_word' id='word_1_48' title='bbox 1258 651 1385 697; x_wconf 89' lang='lat' dir='ltr'><strong>nulla</strong></span> <span class='ocrx_word' id='word_1_49' title='bbox 1406 650 1530 713; x_wconf 88' lang='lat' dir='ltr'><strong>apud</strong></span> 
     </span>
     <span class='ocr_line' id='line_1_8' title="bbox 64 715 1421 782; baseline -0.003 -17"><span class='ocrx_word' id='word_1_50' title='bbox 64 719 338 766; x_wconf 88' lang='lat' dir='ltr'><strong>vetustiores</strong></span> <span class='ocrx_word' id='word_1_51' title='bbox 363 720 607 782; x_wconf 83' lang='lat' dir='ltr'><strong>scriptores</strong></span> <span class='ocrx_word' id='word_1_52' title='bbox 630 719 728 781; x_wconf 91' lang='lat' dir='ltr'><strong>ejus</strong></span> <span class='ocrx_word' id='word_1_53' title='bbox 750 718 816 764; x_wconf 86' lang='lat' dir='ltr'><strong>rei</strong></span> <span class='ocrx_word' id='word_1_54' title='bbox 837 717 1010 764; x_wconf 91' lang='lat' dir='ltr'><strong>mentio</strong></span> <span class='ocrx_word' id='word_1_55' title='bbox 1033 722 1116 772; x_wconf 92' lang='lat' dir='ltr'><strong>est,</strong></span> <span class='ocrx_word' id='word_1_56' title='bbox 1140 731 1235 762; x_wconf 92' lang='lat' dir='ltr'><strong>non</strong></span> <span class='ocrx_word' id='word_1_57' title='bbox 1256 715 1421 762; x_wconf 86' lang='lat' dir='ltr'><strong>ausim.</strong></span> 
     </span>
     <span class='ocr_line' id='line_1_9' title="bbox 125 779 1528 846; baseline -0.004 -16"><span class='ocrx_word' id='word_1_58' title='bbox 125 783 307 830; x_wconf 89' lang='lat' dir='ltr'>XXIV.</span> <span class='ocrx_word' id='word_1_59' title='bbox 343 784 449 830; x_wconf 91' lang='lat' dir='ltr'><strong>Hoc</strong></span> <span class='ocrx_word' id='word_1_60' title='bbox 481 783 600 830; x_wconf 91' lang='lat' dir='ltr'><strong>bello</strong></span> <span class='ocrx_word' id='word_1_61' title='bbox 632 783 850 846; x_wconf 87' lang='lat' dir='ltr'><strong>perfecto,</strong></span> <span class='ocrx_word' id='word_1_62' title='bbox 886 781 1177 828; x_wconf 86' lang='lat' dir='ltr'><strong>tribunitium</strong></span> <span class='ocrx_word' id='word_1_63' title='bbox 1199 779 1326 827; x_wconf 92' lang='lat' dir='ltr'><strong>domi</strong></span> <span class='ocrx_word' id='word_1_64' title='bbox 1357 779 1528 826; x_wconf 86' lang='lat' dir='ltr'><strong>bellum</strong></span> 
     </span>
     <span class='ocr_line' id='line_1_10' title="bbox 62 843 1528 908; baseline -0.003 -14"><span class='ocrx_word' id='word_1_65' title='bbox 62 846 223 894; x_wconf 79' lang='lat' dir='ltr'><strong>Patres</strong></span> <span class='ocrx_word' id='word_1_66' title='bbox 265 848 462 895; x_wconf 89' lang='lat' dir='ltr'><strong>territat.</strong></span> <span class='ocrx_word' id='word_1_67' title='bbox 553 847 780 902; x_wconf 84' lang='lat' dir='ltr'><strong>Clamant,</strong></span> <span class='ocrx_word' id='word_1_68' title='bbox 843 852 874 872; x_wconf 90' lang='lat'><strong>“</strong></span> <span class='ocrx_word' id='word_1_69' title='bbox 890 845 1050 893; x_wconf 86' lang='lat' dir='ltr'><strong>fraude</strong></span> <span class='ocrx_word' id='word_1_70' title='bbox 1092 845 1206 901; x_wconf 90' lang='lat' dir='ltr'><strong>fieri,</strong></span> <span class='ocrx_word' id='word_1_71' title='bbox 1253 843 1374 908; x_wconf 79' lang='lat' dir='ltr'><strong>quod</strong></span> <span class='ocrx_word' id='word_1_72' title='bbox 1416 844 1528 890; x_wconf 86' lang='lat' dir='ltr'><strong>foris</strong></span> 
     </span>
     <span class='ocr_line' id='line_1_11' title="bbox 66 907 1528 971; baseline -0.002 -12"><span class='ocrx_word' id='word_1_73' title='bbox 66 917 323 959; x_wconf 84' lang='lat' dir='ltr'><strong>“teneatur</strong></span> <span class='ocrx_word' id='word_1_74' title='bbox 345 912 601 969; x_wconf 83' lang='lat' dir='ltr'><strong>exercitus3</strong></span> <span class='ocrx_word' id='word_1_75' title='bbox 637 911 981 959; x_wconf 86' lang='lat' dir='ltr'><strong>frustrationem</strong></span> <span class='ocrx_word' id='word_1_76' title='bbox 1015 909 1135 957; x_wconf 77' lang='lat' dir='ltr'><strong>eam⁵</strong></span> <span class='ocrx_word' id='word_1_77' title='bbox 1166 909 1280 971; x_wconf 91' lang='lat' dir='ltr'><strong>legis</strong></span> <span class='ocrx_word' id='word_1_78' title='bbox 1312 907 1528 956; x_wconf 83' lang='lat' dir='ltr'><strong>tollendae</strong></span> 
     </span>
     <span class='ocr_line' id='line_1_12' title="bbox 64 972 1531 1039; baseline -0.002 -16"><span class='ocrx_word' id='word_1_79' title='bbox 64 979 213 1023; x_wconf 83' lang='lat' dir='ltr'><strong>“esse</strong></span> <span class='ocrx_word' id='word_1_80' title='bbox 228 996 241 1032; x_wconf 92' lang='lat'>;</span> <span class='ocrx_word' id='word_1_81' title='bbox 275 976 574 1023; x_wconf 88' lang='lat' dir='ltr'><strong>nihilominus</strong></span> <span class='ocrx_word' id='word_1_82' title='bbox 597 993 694 1023; x_wconf 90' lang='lat' dir='ltr'><strong>rem</strong></span> <span class='ocrx_word' id='word_1_83' title='bbox 718 983 978 1039; x_wconf 88' lang='lat' dir='ltr'><strong>susceptam</strong></span> <span class='ocrx_word' id='word_1_84' title='bbox 1011 974 1327 1038; x_wconf 82' lang='lat' dir='ltr'><strong>peracturOS.&#39;&#39;</strong></span> <span class='ocrx_word' id='word_1_85' title='bbox 1397 972 1531 1021; x_wconf 84' lang='lat' dir='ltr'><strong>Obti-</strong></span> 
     </span>
     <span class='ocr_line' id='line_1_13' title="bbox 59 1039 1529 1104; baseline -0.001 -17"><span class='ocrx_word' id='word_1_86' title='bbox 59 1040 164 1087; x_wconf 83' lang='lat' dir='ltr'><strong>nuit</strong></span> <span class='ocrx_word' id='word_1_87' title='bbox 195 1047 350 1088; x_wconf 82' lang='lat' dir='ltr'><strong>tamen</strong></span> <span class='ocrx_word' id='word_1_88' title='bbox 384 1042 436 1088; x_wconf 90' lang='lat' dir='ltr'><strong>P.</strong></span> <span class='ocrx_word' id='word_1_89' title='bbox 480 1041 741 1088; x_wconf 81' lang='lat' dir='ltr'><strong>Lucretius⁷</strong></span> <span class='ocrx_word' id='word_1_90' title='bbox 779 1041 1025 1104; x_wconf 75' lang='lat' dir='ltr'><strong>praefectus</strong></span> <span class='ocrx_word' id='word_1_91' title='bbox 1060 1039 1201 1095; x_wconf 92' lang='lat' dir='ltr'><strong>urbis,</strong></span> <span class='ocrx_word' id='word_1_92' title='bbox 1242 1045 1296 1086; x_wconf 89' lang='lat' dir='ltr'><strong>ut</strong></span> <span class='ocrx_word' id='word_1_93' title='bbox 1328 1039 1529 1085; x_wconf 56' lang='lat' dir='ltr'><strong>action&amp;</strong></span> 
     </span>
     <span class='ocr_line' id='line_1_14' title="bbox 60 1103 1531 1153; baseline -0.002 -1"><span class='ocrx_word' id='word_1_94' title='bbox 60 1104 319 1153; x_wconf 74' lang='lat' dir='ltr'><strong>tribuniciae</strong></span> <span class='ocrx_word' id='word_1_95' title='bbox 348 1106 398 1151; x_wconf 91' lang='lat' dir='ltr'><strong>in</strong></span> <span class='ocrx_word' id='word_1_96' title='bbox 423 1105 670 1152; x_wconf 81' lang='lat' dir='ltr'><strong>adventum</strong></span> <span class='ocrx_word' id='word_1_97' title='bbox 692 1106 932 1152; x_wconf 86' lang='lat' dir='ltr'><strong>consulum</strong></span> <span class='ocrx_word' id='word_1_98' title='bbox 965 1105 1271 1151; x_wconf 84' lang='lat' dir='ltr'><strong>differrentur.</strong></span> <span class='ocrx_word' id='word_1_99' title='bbox 1338 1103 1451 1150; x_wconf 84' lang='lat' dir='ltr'><strong>Erat</strong></span> <span class='ocrx_word' id='word_1_100' title='bbox 1483 1108 1531 1149; x_wconf 83' lang='lat' dir='ltr'><strong>et</strong></span> 
     </span>
     <span class='ocr_line' id='line_1_15' title="bbox 61 1167 1530 1223; baseline -0.001 -7"><span class='ocrx_word' id='word_1_101' title='bbox 61 1185 180 1216; x_wconf 81' lang='lat' dir='ltr'><strong>nova</strong></span> <span class='ocrx_word' id='word_1_102' title='bbox 202 1177 358 1217; x_wconf 86' lang='lat' dir='ltr'><strong>exorta</strong></span> <span class='ocrx_word' id='word_1_103' title='bbox 380 1186 517 1216; x_wconf 87' lang='lat' dir='ltr'><strong>causa</strong></span> <span class='ocrx_word' id='word_1_104' title='bbox 537 1172 707 1216; x_wconf 71' lang='lat' dir='ltr'><strong>motus.</strong></span> <span class='ocrx_word' id='word_1_105' title='bbox 776 1171 835 1216; x_wconf 88' lang='lat' dir='ltr'><strong>A.</strong></span> <span class='ocrx_word' id='word_1_106' title='bbox 862 1170 1102 1216; x_wconf 90' lang='lat' dir='ltr'><strong>Cornelius</strong></span> <span class='ocrx_word' id='word_1_107' title='bbox 1136 1176 1182 1216; x_wconf 90' lang='lat' dir='ltr'><strong>et</strong></span> <span class='ocrx_word' id='word_1_108' title='bbox 1216 1169 1274 1223; x_wconf 81' lang='lat' dir='ltr'><strong>Q.</strong></span> <span class='ocrx_word' id='word_1_109' title='bbox 1313 1167 1530 1215; x_wconf 86' lang='lat' dir='ltr'><strong>Servilius</strong></span> 
     </span>
     <span class='ocr_line' id='line_1_16' title="bbox 93 1231 1531 1296; baseline -0.002 -16"><span class='ocrx_word' id='word_1_110' title='bbox 93 1242 314 1282; x_wconf 85' lang='lat' dir='ltr'><strong>uaestores</strong></span> <span class='ocrx_word' id='word_1_111' title='bbox 344 1235 415 1281; x_wconf 91' lang='lat' dir='ltr'><strong>M.</strong></span> <span class='ocrx_word' id='word_1_112' title='bbox 442 1231 639 1289; x_wconf 86' lang='lat' dir='ltr'><strong>Volscio,</strong></span> <span class='ocrx_word' id='word_1_113' title='bbox 676 1234 798 1296; x_wconf 77' lang='lat' dir='ltr'><strong>quod</strong></span> <span class='ocrx_word' id='word_1_114' title='bbox 829 1234 972 1281; x_wconf 88' lang='lat' dir='ltr'><strong>falsus</strong></span> <span class='ocrx_word' id='word_1_115' title='bbox 1006 1233 1133 1279; x_wconf 88' lang='lat' dir='ltr'><strong>haud</strong></span> <span class='ocrx_word' id='word_1_116' title='bbox 1165 1233 1304 1279; x_wconf 77' lang='lat' dir='ltr'><strong>dubie</strong></span> <span class='ocrx_word' id='word_1_117' title='bbox 1325 1232 1458 1278; x_wconf 90' lang='lat' dir='ltr'><strong>testis</strong></span> <span class='ocrx_word' id='word_1_118' title='bbox 1480 1232 1531 1278; x_wconf 88' lang='lat' dir='ltr'><strong>in</strong></span> 
     </span>
     <span class='ocr_line' id='line_1_17' title="bbox 112 1297 1530 1353; baseline -0.002 -8"><span class='ocrx_word' id='word_1_119' title='bbox 112 1315 311 1345; x_wconf 82' lang='lat' dir='ltr'><strong>aesonem</strong></span> <span class='ocrx_word' id='word_1_120' title='bbox 335 1299 598 1353; x_wconf 84' lang='lat' dir='ltr'><strong>exstitisset,</strong></span> <span class='ocrx_word' id='word_1_121' title='bbox 626 1299 748 1345; x_wconf 82' lang='lat' dir='ltr'><strong>diem</strong></span> <span class='ocrx_word' id='word_1_122' title='bbox 771 1299 1008 1351; x_wconf 82' lang='lat' dir='ltr'><strong>dixerant3</strong></span> <span class='ocrx_word' id='word_1_123' title='bbox 1033 1297 1192 1343; x_wconf 84' lang='lat' dir='ltr'><strong>multis</strong></span> <span class='ocrx_word' id='word_1_124' title='bbox 1210 1297 1331 1344; x_wconf 88' lang='lat' dir='ltr'><strong>enim</strong></span> <span class='ocrx_word' id='word_1_125' title='bbox 1350 1311 1530 1342; x_wconf 78' lang='lat' dir='ltr'><strong>emana-</strong></span> 
     </span>
     <span class='ocr_line' id='line_1_18' title="bbox 61 1360 1530 1425; baseline -0.002 -16"><span class='ocrx_word' id='word_1_126' title='bbox 61 1363 159 1409; x_wconf 75' lang='lat' dir='ltr'><strong>batS</strong></span> <span class='ocrx_word' id='word_1_127' title='bbox 181 1364 375 1418; x_wconf 86' lang='lat' dir='ltr'><strong>indiciis,</strong></span> <span class='ocrx_word' id='word_1_128' title='bbox 413 1379 560 1425; x_wconf 86' lang='lat' dir='ltr'><strong>neque</strong></span> <span class='ocrx_word' id='word_1_129' title='bbox 582 1363 771 1409; x_wconf 84' lang='lat' dir='ltr'><strong>fratrem</strong></span> <span class='ocrx_word' id='word_1_130' title='bbox 793 1362 978 1417; x_wconf 89' lang='lat' dir='ltr'><strong>Volscii,</strong></span> <span class='ocrx_word' id='word_1_131' title='bbox 1017 1378 1072 1408; x_wconf 78' lang='lat' dir='ltr'><strong>ex</strong></span> <span class='ocrx_word' id='word_1_132' title='bbox 1106 1377 1196 1424; x_wconf 94' lang='lat' dir='ltr'><strong>quo</strong></span> <span class='ocrx_word' id='word_1_133' title='bbox 1220 1360 1360 1408; x_wconf 88' lang='lat' dir='ltr'><strong>semel</strong></span> <span class='ocrx_word' id='word_1_134' title='bbox 1391 1360 1530 1407; x_wconf 75' lang='lat' dir='ltr'><strong>fuerit</strong></span> 
     </span>
     <span class='ocr_line' id='line_1_19' title="bbox 61 1425 1531 1490; baseline -0.001 -17"><span class='ocrx_word' id='word_1_135' title='bbox 61 1444 198 1490; x_wconf 81' lang='lat' dir='ltr'><strong>aeger,</strong></span> <span class='ocrx_word' id='word_1_136' title='bbox 228 1444 430 1490; x_wconf 86' lang='lat' dir='ltr'><strong>unquam</strong></span> <span class='ocrx_word' id='word_1_137' title='bbox 453 1444 547 1473; x_wconf 91' lang='lat' dir='ltr'><strong>non</strong></span> <span class='ocrx_word' id='word_1_138' title='bbox 570 1428 707 1473; x_wconf 79' lang='lat' dir='ltr'><strong>modo</strong></span> <span class='ocrx_word' id='word_1_139' title='bbox 727 1428 877 1473; x_wconf 80' lang='lat' dir='ltr'><strong>visum</strong></span> <span class='ocrx_word' id='word_1_140' title='bbox 899 1427 949 1472; x_wconf 89' lang='lat' dir='ltr'><strong>in</strong></span> <span class='ocrx_word' id='word_1_141' title='bbox 970 1426 1167 1489; x_wconf 84' lang='lat' dir='ltr'><strong>publico,</strong></span> <span class='ocrx_word' id='word_1_142' title='bbox 1197 1425 1278 1472; x_wconf 88' lang='lat' dir='ltr'><strong>sed</strong></span> <span class='ocrx_word' id='word_1_143' title='bbox 1299 1441 1355 1472; x_wconf 91' lang='lat' dir='ltr'><strong>ne</strong></span> <span class='ocrx_word' id='word_1_144' title='bbox 1379 1440 1531 1471; x_wconf 88' lang='lat' dir='ltr'><strong>assur·</strong></span> 
     </span>
     <span class='ocr_line' id='line_1_20' title="bbox 60 1490 1528 1554; baseline 0 -17"><span class='ocrx_word' id='word_1_145' title='bbox 60 1493 230 1538; x_wconf 82' lang='lat' dir='ltr'><strong>rexisse</strong></span> <span class='ocrx_word' id='word_1_146' title='bbox 264 1492 448 1554; x_wconf 89' lang='lat' dir='ltr'><strong>quidem</strong></span> <span class='ocrx_word' id='word_1_147' title='bbox 483 1508 537 1537; x_wconf 81' lang='lat' dir='ltr'><strong>ex</strong></span> <span class='ocrx_word' id='word_1_148' title='bbox 571 1492 744 1547; x_wconf 87' lang='lat' dir='ltr'><strong>morbo,</strong></span> <span class='ocrx_word' id='word_1_149' title='bbox 787 1492 1129 1553; x_wconf 88' lang='lat' dir='ltr'><strong>multorumque</strong></span> <span class='ocrx_word' id='word_1_150' title='bbox 1162 1491 1267 1537; x_wconf 85' lang='lat' dir='ltr'><strong>tabe</strong></span> <span class='ocrx_word' id='word_1_151' title='bbox 1300 1490 1528 1537; x_wconf 90' lang='lat' dir='ltr'><strong>mensium</strong></span> 
     </span>
     <span class='ocr_line' id='line_1_21' title="bbox 60 1554 1531 1618; baseline -0.001 -16"><span class='ocrx_word' id='word_1_152' title='bbox 60 1563 325 1611; x_wconf 86' lang='lat' dir='ltr'><strong>mortuum3</strong></span> <span class='ocrx_word' id='word_1_153' title='bbox 372 1572 456 1602; x_wconf 83' lang='lat' dir='ltr'><strong>nec</strong></span> <span class='ocrx_word' id='word_1_154' title='bbox 499 1556 573 1602; x_wconf 92' lang='lat' dir='ltr'><strong>his</strong></span> <span class='ocrx_word' id='word_1_155' title='bbox 617 1557 914 1618; x_wconf 89' lang='lat' dir='ltr'><strong>temporibus,</strong></span> <span class='ocrx_word' id='word_1_156' title='bbox 956 1555 1007 1601; x_wconf 91' lang='lat' dir='ltr'><strong>in</strong></span> <span class='ocrx_word' id='word_1_157' title='bbox 1045 1572 1149 1618; x_wconf 87' lang='lat' dir='ltr'><strong>quae</strong></span> <span class='ocrx_word' id='word_1_158' title='bbox 1187 1555 1319 1602; x_wconf 88' lang='lat' dir='ltr'><strong>testis</strong></span> <span class='ocrx_word' id='word_1_159' title='bbox 1358 1554 1531 1601; x_wconf 88' lang='lat' dir='ltr'><strong>crimen</strong></span> 
     </span>
     <span class='ocr_line' id='line_1_22' title="bbox 60 1619 1531 1682; baseline -0.001 -15"><span class='ocrx_word' id='word_1_160' title='bbox 60 1620 342 1682; x_wconf 82' lang='lat' dir='ltr'><strong>conjecisset,</strong></span> <span class='ocrx_word' id='word_1_161' title='bbox 381 1621 630 1666; x_wconf 83' lang='lat' dir='ltr'><strong>Kaesonem</strong></span> <span class='ocrx_word' id='word_1_162' title='bbox 666 1622 829 1667; x_wconf 83' lang='lat' dir='ltr'><strong>Romae</strong></span> <span class='ocrx_word' id='word_1_163' title='bbox 861 1620 1025 1675; x_wconf 84' lang='lat' dir='ltr'><strong>visum,</strong></span> <span class='ocrx_word' id='word_1_164' title='bbox 1064 1619 1412 1675; x_wconf 79' lang='lat' dir='ltr'><strong>affirmantibUS,</strong></span> <span class='ocrx_word' id='word_1_165' title='bbox 1450 1619 1531 1682; x_wconf 89' lang='lat' dir='ltr'><strong>qui</strong></span> 
     </span>
     <span class='ocr_line' id='line_1_23' title="bbox 61 1683 1531 1747; baseline 0 -17"><span class='ocrx_word' id='word_1_166' title='bbox 61 1684 171 1731; x_wconf 78' lang='lat' dir='ltr'><strong>una⁹</strong></span> <span class='ocrx_word' id='word_1_167' title='bbox 206 1692 480 1739; x_wconf 86' lang='lat' dir='ltr'><strong>meruerant,</strong></span> <span class='ocrx_word' id='word_1_168' title='bbox 523 1701 678 1731; x_wconf 87' lang='lat' dir='ltr'><strong>secum</strong></span> <span class='ocrx_word' id='word_1_169' title='bbox 712 1701 817 1731; x_wconf 91' lang='lat' dir='ltr'><strong>eum</strong></span> <span class='ocrx_word' id='word_1_170' title='bbox 849 1690 951 1730; x_wconf 91' lang='lat' dir='ltr'><strong>tum</strong></span> <span class='ocrx_word' id='word_1_171' title='bbox 982 1685 1269 1747; x_wconf 80' lang='lat' dir='ltr'><strong>frequentem</strong></span> <span class='ocrx_word' id='word_1_172' title='bbox 1302 1684 1362 1731; x_wconf 91' lang='lat' dir='ltr'><strong>ad</strong></span> <span class='ocrx_word' id='word_1_173' title='bbox 1399 1683 1531 1746; x_wconf 84' lang='lat' dir='ltr'><strong>signa</strong></span> 
     </span>
     <span class='ocr_line' id='line_1_24' title="bbox 62 1748 1529 1812; baseline 0.001 -18"><span class='ocrx_word' id='word_1_174' title='bbox 62 1749 159 1795; x_wconf 84' lang='lat' dir='ltr'><strong>sine</strong></span> <span class='ocrx_word' id='word_1_175' title='bbox 181 1749 275 1795; x_wconf 92' lang='lat' dir='ltr'><strong>ullo</strong></span> <span class='ocrx_word' id='word_1_176' title='bbox 298 1756 557 1795; x_wconf 87' lang='lat' dir='ltr'><strong>commeatu</strong></span> <span class='ocrx_word' id='word_1_177' title='bbox 579 1749 738 1795; x_wconf 80' lang='lat' dir='ltr'><strong>fuisse.</strong></span> <span class='ocrx_word' id='word_1_178' title='bbox 807 1749 872 1795; x_wconf 93' lang='lat' dir='ltr'><strong>Ni</strong></span> <span class='ocrx_word' id='word_1_179' title='bbox 892 1749 958 1795; x_wconf 90' lang='lat' dir='ltr'><strong>ita</strong></span> <span class='ocrx_word' id='word_1_180' title='bbox 980 1755 1115 1804; x_wconf 89' lang='lat' dir='ltr'><strong>esset,</strong></span> <span class='ocrx_word' id='word_1_181' title='bbox 1148 1749 1284 1795; x_wconf 91' lang='lat' dir='ltr'><strong>multi</strong></span> <span class='ocrx_word' id='word_1_182' title='bbox 1314 1748 1529 1812; x_wconf 78' lang='lat' dir='ltr'><strong>privatim</strong></span> 
     </span>
     <span class='ocr_line' id='line_1_25' title="bbox 61 1813 1530 1876; baseline 0.001 -17"><span class='ocrx_word' id='word_1_183' title='bbox 61 1814 267 1860; x_wconf 77' lang='lat' dir='ltr'><strong>ferebant</strong></span> <span class='ocrx_word' id='word_1_184' title='bbox 288 1813 472 1861; x_wconf 88' lang='lat' dir='ltr'><strong>Volscio</strong></span> <span class='ocrx_word' id='word_1_185' title='bbox 500 1813 732 1876; x_wconf 87' lang='lat' dir='ltr'><strong>judices¹⁰.</strong></span> <span class='ocrx_word' id='word_1_186' title='bbox 802 1813 958 1867; x_wconf 84' lang='lat' dir='ltr'><strong>Quum</strong></span> <span class='ocrx_word' id='word_1_187' title='bbox 993 1813 1053 1859; x_wconf 84' lang='lat' dir='ltr'><strong>ad</strong></span> <span class='ocrx_word' id='word_1_188' title='bbox 1078 1813 1305 1876; x_wconf 77' lang='lat' dir='ltr'><strong>judicium</strong></span> <span class='ocrx_word' id='word_1_189' title='bbox 1338 1814 1404 1860; x_wconf 88' lang='lat' dir='ltr'><strong>ire</strong></span> <span class='ocrx_word' id='word_1_190' title='bbox 1436 1828 1530 1860; x_wconf 86' lang='lat' dir='ltr'><strong>non</strong></span> 
     </span>
     <span class='ocr_line' id='line_1_26' title="bbox 61 1877 1530 1940; baseline 0 -16"><span class='ocrx_word' id='word_1_191' title='bbox 61 1878 260 1934; x_wconf 80' lang='lat' dir='ltr'><strong>auderet,</strong></span> <span class='ocrx_word' id='word_1_192' title='bbox 288 1894 447 1924; x_wconf 88' lang='lat' dir='ltr'><strong>omnes</strong></span> <span class='ocrx_word' id='word_1_193' title='bbox 466 1894 532 1924; x_wconf 86' lang='lat' dir='ltr'><strong>eae</strong></span> <span class='ocrx_word' id='word_1_194' title='bbox 549 1894 635 1933; x_wconf 89' lang='lat' dir='ltr'><strong>res,</strong></span> <span class='ocrx_word' id='word_1_195' title='bbox 662 1877 711 1923; x_wconf 90' lang='lat' dir='ltr'><strong>in</strong></span> <span class='ocrx_word' id='word_1_196' title='bbox 728 1894 873 1923; x_wconf 90' lang='lat' dir='ltr'><strong>unum</strong></span> <span class='ocrx_word' id='word_1_197' title='bbox 891 1885 1208 1940; x_wconf 83' lang='lat' dir='ltr'><strong>congruentes,</strong></span> <span class='ocrx_word' id='word_1_198' title='bbox 1233 1877 1362 1924; x_wconf 89' lang='lat' dir='ltr'><strong>haud</strong></span> <span class='ocrx_word' id='word_1_199' title='bbox 1382 1878 1530 1939; x_wconf 73' lang='lat' dir='ltr'><strong>magis</strong></span> 
     </span>
     <span class='ocr_line' id='line_1_27' title="bbox 61 1941 1530 2005; baseline 0 -17"><span class='ocrx_word' id='word_1_200' title='bbox 61 1942 248 1988; x_wconf 88' lang='lat' dir='ltr'><strong>dubiam</strong></span> <span class='ocrx_word' id='word_1_201' title='bbox 282 1942 622 1989; x_wconf 82' lang='lat' dir='ltr'><strong>damnationem</strong></span> <span class='ocrx_word' id='word_1_202' title='bbox 656 1942 842 1997; x_wconf 88' lang='lat' dir='ltr'><strong>Volscii,</strong></span> <span class='ocrx_word' id='word_1_203' title='bbox 886 1945 1023 2005; x_wconf 75' lang='lat' dir='ltr'><strong>quam</strong></span> <span class='ocrx_word' id='word_1_204' title='bbox 1064 1943 1280 1989; x_wconf 88' lang='lat' dir='ltr'><strong>Kaesonis</strong></span> <span class='ocrx_word' id='word_1_205' title='bbox 1313 1941 1530 1988; x_wconf 84' lang='lat' dir='ltr'><strong>Volscio¹¹</strong></span> 
     </span>
     <span class='ocr_line' id='line_1_28' title="bbox 61 2006 1531 2069; baseline 0.001 -17"><span class='ocrx_word' id='word_1_206' title='bbox 61 2014 178 2053; x_wconf 87' lang='lat' dir='ltr'><strong>teste</strong></span> <span class='ocrx_word' id='word_1_207' title='bbox 222 2007 385 2062; x_wconf 87' lang='lat' dir='ltr'><strong>fuerat,</strong></span> <span class='ocrx_word' id='word_1_208' title='bbox 432 2007 676 2053; x_wconf 83' lang='lat' dir='ltr'><strong>faciebant.</strong></span> <span class='ocrx_word' id='word_1_209' title='bbox 767 2007 826 2053; x_wconf 95' lang='lat' dir='ltr'><strong>In</strong></span> <span class='ocrx_word' id='word_1_210' title='bbox 869 2009 998 2054; x_wconf 55' lang='lat' dir='ltr'><strong>more</strong></span> <span class='ocrx_word' id='word_1_211' title='bbox 1040 2007 1216 2053; x_wconf 82' lang='lat' dir='ltr'><strong>tribuni</strong></span> <span class='ocrx_word' id='word_1_212' title='bbox 1259 2013 1404 2062; x_wconf 90' lang='lat' dir='ltr'><strong>erant,</strong></span> <span class='ocrx_word' id='word_1_213' title='bbox 1451 2006 1531 2069; x_wconf 90' lang='lat' dir='ltr'><strong>qui</strong></span> 
     </span>
     <span class='ocr_line' id='line_1_29' title="bbox 61 2071 1531 2134; baseline 0 -16"><span class='ocrx_word' id='word_1_214' title='bbox 61 2071 246 2118; x_wconf 79' lang='lat' dir='ltr'><strong>comitia</strong></span> <span class='ocrx_word' id='word_1_215' title='bbox 279 2078 529 2132; x_wconf 77' lang='lat' dir='ltr'><strong>quaestores</strong></span> <span class='ocrx_word' id='word_1_216' title='bbox 566 2071 735 2118; x_wconf 86' lang='lat' dir='ltr'><strong>habere</strong></span> <span class='ocrx_word' id='word_1_217' title='bbox 769 2072 826 2119; x_wconf 91' lang='lat' dir='ltr'><strong>de</strong></span> <span class='ocrx_word' id='word_1_218' title='bbox 858 2088 949 2128; x_wconf 90' lang='lat' dir='ltr'><strong>reo,</strong></span> <span class='ocrx_word' id='word_1_219' title='bbox 990 2072 1081 2118; x_wconf 90' lang='lat' dir='ltr'><strong>nisi</strong></span> <span class='ocrx_word' id='word_1_220' title='bbox 1118 2071 1247 2134; x_wconf 77' lang='lat' dir='ltr'><strong>prius</strong></span> <span class='ocrx_word' id='word_1_221' title='bbox 1281 2071 1440 2118; x_wconf 88' lang='lat' dir='ltr'><strong>habita</strong></span> <span class='ocrx_word' id='word_1_222' title='bbox 1473 2071 1531 2118; x_wconf 87' lang='lat' dir='ltr'><strong>de</strong></span> 
     </span>
     <span class='ocr_line' id='line_1_30' title="bbox 59 2135 1530 2198; baseline 0.001 -17"><span class='ocrx_word' id='word_1_223' title='bbox 59 2135 159 2198; x_wconf 88' lang='lat' dir='ltr'><strong>lege</strong></span> <span class='ocrx_word' id='word_1_224' title='bbox 182 2143 348 2191; x_wconf 87' lang='lat' dir='ltr'><strong>essent,</strong></span> <span class='ocrx_word' id='word_1_225' title='bbox 384 2152 600 2198; x_wconf 88' lang='lat' dir='ltr'><strong>passuros</strong></span> <span class='ocrx_word' id='word_1_226' title='bbox 633 2137 862 2198; x_wconf 82' lang='lat' dir='ltr'><strong>negabant</strong></span> <span class='ocrx_word' id='word_1_227' title='bbox 882 2157 894 2193; x_wconf 92' lang='lat'>;</span> <span class='ocrx_word' id='word_1_228' title='bbox 930 2137 997 2183; x_wconf 91' lang='lat' dir='ltr'><strong>ita</strong></span> <span class='ocrx_word' id='word_1_229' title='bbox 1018 2143 1222 2183; x_wconf 83' lang='lat' dir='ltr'><strong>extracta</strong></span> <span class='ocrx_word' id='word_1_230' title='bbox 1242 2143 1435 2198; x_wconf 87' lang='lat' dir='ltr'><strong>utraque</strong></span> <span class='ocrx_word' id='word_1_231' title='bbox 1456 2152 1530 2183; x_wconf 82' lang='lat' dir='ltr'><strong>res</strong></span> 
     </span>
     <span class='ocr_line' id='line_1_31' title="bbox 60 2199 1530 2262; baseline 0.001 -16"><span class='ocrx_word' id='word_1_232' title='bbox 60 2199 111 2246; x_wconf 91' lang='lat' dir='ltr'><strong>in</strong></span> <span class='ocrx_word' id='word_1_233' title='bbox 165 2200 404 2246; x_wconf 83' lang='lat' dir='ltr'><strong>consulum</strong></span> <span class='ocrx_word' id='word_1_234' title='bbox 459 2201 706 2248; x_wconf 81' lang='lat' dir='ltr'><strong>adventum</strong></span> <span class='ocrx_word' id='word_1_235' title='bbox 752 2208 837 2248; x_wconf 89' lang='lat' dir='ltr'><strong>est.</strong></span> <span class='ocrx_word' id='word_1_236' title='bbox 930 2201 1022 2256; x_wconf 81' lang='lat' dir='ltr'><strong>Qui</strong></span> <span class='ocrx_word' id='word_1_237' title='bbox 1065 2202 1146 2247; x_wconf 89' lang='lat' dir='ltr'><strong>ubi</strong></span> <span class='ocrx_word' id='word_1_238' title='bbox 1188 2201 1530 2262; x_wconf 80' lang='lat' dir='ltr'><strong>triumphantes</strong></span> 
     </span>
     <span class='ocr_line' id='line_1_32' title="bbox 59 2264 1530 2328; baseline 0 -17"><span class='ocrx_word' id='word_1_239' title='bbox 59 2264 230 2311; x_wconf 83' lang='lat' dir='ltr'><strong>victore</strong></span> <span class='ocrx_word' id='word_1_240' title='bbox 252 2281 358 2311; x_wconf 90' lang='lat' dir='ltr'><strong>cum</strong></span> <span class='ocrx_word' id='word_1_241' title='bbox 383 2266 585 2312; x_wconf 82' lang='lat' dir='ltr'><strong>exercitu</strong></span> <span class='ocrx_word' id='word_1_242' title='bbox 616 2266 777 2312; x_wconf 88' lang='lat' dir='ltr'><strong>urbem</strong></span> <span class='ocrx_word' id='word_1_243' title='bbox 811 2266 1028 2321; x_wconf 84' lang='lat' dir='ltr'><strong>inierunt,</strong></span> <span class='ocrx_word' id='word_1_244' title='bbox 1065 2266 1173 2328; x_wconf 89' lang='lat' dir='ltr'><strong>quia</strong></span> <span class='ocrx_word' id='word_1_245' title='bbox 1206 2265 1438 2311; x_wconf 90' lang='lat' dir='ltr'><strong>silentium</strong></span> <span class='ocrx_word' id='word_1_246' title='bbox 1473 2264 1530 2312; x_wconf 79' lang='lat' dir='ltr'><strong>de</strong></span> 
     </span>
     <span class='ocr_line' id='line_1_33' title="bbox 59 2327 1531 2393; baseline 0.001 -18"><span class='ocrx_word' id='word_1_247' title='bbox 59 2327 160 2392; x_wconf 69' lang='lat' dir='ltr'><strong>lege</strong></span> <span class='ocrx_word' id='word_1_248' title='bbox 183 2337 293 2385; x_wconf 88' lang='lat' dir='ltr'><strong>erat,</strong></span> <span class='ocrx_word' id='word_1_249' title='bbox 318 2329 551 2392; x_wconf 83' lang='lat' dir='ltr'><strong>perculsos</strong></span> <span class='ocrx_word' id='word_1_250' title='bbox 574 2346 742 2392; x_wconf 87' lang='lat' dir='ltr'><strong>magna</strong></span> <span class='ocrx_word' id='word_1_251' title='bbox 773 2347 880 2393; x_wconf 90' lang='lat' dir='ltr'><strong>pars</strong></span> <span class='ocrx_word' id='word_1_252' title='bbox 903 2331 1148 2377; x_wconf 86' lang='lat' dir='ltr'><strong>credebant</strong></span> <span class='ocrx_word' id='word_1_253' title='bbox 1169 2330 1395 2376; x_wconf 78' lang='lat' dir='ltr'><strong>tribunos,</strong></span> <span class='ocrx_word' id='word_1_254' title='bbox 1463 2329 1531 2376; x_wconf 78' lang='lat' dir='ltr'><strong>At</strong></span> 
     </span>
     <span class='ocr_line' id='line_1_34' title="bbox 60 2393 1529 2458; baseline 0 -18"><span class='ocrx_word' id='word_1_255' title='bbox 60 2393 142 2450; x_wconf 86' lang='lat' dir='ltr'><strong>illi,</strong></span> <span class='ocrx_word' id='word_1_256' title='bbox 171 2394 363 2456; x_wconf 88' lang='lat' dir='ltr'><strong>(etenim</strong></span> <span class='ocrx_word' id='word_1_257' title='bbox 386 2401 642 2440; x_wconf 88' lang='lat' dir='ltr'><strong>extremum</strong></span> <span class='ocrx_word' id='word_1_258' title='bbox 665 2395 774 2440; x_wconf 88' lang='lat' dir='ltr'><strong>anni</strong></span> <span class='ocrx_word' id='word_1_259' title='bbox 795 2395 892 2458; x_wconf 87' lang='lat' dir='ltr'><strong>jam</strong></span> <span class='ocrx_word' id='word_1_260' title='bbox 916 2395 1051 2457; x_wconf 87' lang='lat' dir='ltr'><strong>erat,)</strong></span> <span class='ocrx_word' id='word_1_261' title='bbox 1078 2402 1292 2457; x_wconf 85' lang='lat' dir='ltr'><strong>quartum</strong></span> <span class='ocrx_word' id='word_1_262' title='bbox 1315 2394 1529 2440; x_wconf 85' lang='lat' dir='ltr'><strong>affectan-</strong></span> 
     </span>
     <span class='ocr_line' id='line_1_35' title="bbox 61 2459 1531 2522; baseline -0.001 -17"><span class='ocrx_word' id='word_1_263' title='bbox 61 2463 132 2504; x_wconf 52' lang='grc' dir='ltr'><strong>ἴω</strong></span> <span class='ocrx_word' id='word_1_264' title='bbox 154 2459 456 2514; x_wconf 83' lang='lat' dir='ltr'><strong>tribunatum,</strong></span> <span class='ocrx_word' id='word_1_265' title='bbox 492 2459 541 2505; x_wconf 90' lang='lat' dir='ltr'><strong>in</strong></span> <span class='ocrx_word' id='word_1_266' title='bbox 567 2459 857 2506; x_wconf 88' lang='lat' dir='ltr'><strong>comitiorum</strong></span> <span class='ocrx_word' id='word_1_267' title='bbox 892 2459 1306 2522; x_wconf 74' lang='lat' dir='ltr'><strong>disceptationem¹²</strong></span> <span class='ocrx_word' id='word_1_268' title='bbox 1339 2460 1396 2506; x_wconf 91' lang='lat' dir='ltr'><strong>ab</strong></span> <span class='ocrx_word' id='word_1_269' title='bbox 1429 2459 1531 2521; x_wconf 70' lang='lat' dir='ltr'><strong>lege</strong></span> 
     </span>
     <span class='ocr_line' id='line_1_36' title="bbox 61 2524 1529 2587; baseline 0.001 -19"><span class='ocrx_word' id='word_1_270' title='bbox 61 2528 292 2569; x_wconf 83' lang='lat' dir='ltr'><strong>certamen</strong></span> <span class='ocrx_word' id='word_1_271' title='bbox 334 2530 623 2579; x_wconf 80' lang='lat' dir='ltr'><strong>averterant3</strong></span> <span class='ocrx_word' id='word_1_272' title='bbox 681 2530 740 2580; x_wconf 89' lang='lat' dir='ltr'><strong>et,</strong></span> <span class='ocrx_word' id='word_1_273' title='bbox 788 2541 930 2587; x_wconf 93' lang='lat' dir='ltr'><strong>quum</strong></span> <span class='ocrx_word' id='word_1_274' title='bbox 975 2525 1184 2571; x_wconf 88' lang='lat' dir='ltr'><strong>consules</strong></span> <span class='ocrx_word' id='word_1_275' title='bbox 1228 2524 1529 2576; x_wconf 64' lang='lat' dir='ltr'><strong>nihilominus</strong></span> 
     </span>
     <span class='ocr_line' id='line_1_37' title="bbox 62 2586 1530 2651; baseline 0 -18"><span class='ocrx_word' id='word_1_276' title='bbox 62 2586 280 2634; x_wconf 76' lang='lat' dir='ltr'><strong>adversus</strong></span> <span class='ocrx_word' id='word_1_277' title='bbox 302 2587 691 2634; x_wconf 89' lang='lat' dir='ltr'><strong>continuationem</strong></span> <span class='ocrx_word' id='word_1_278' title='bbox 719 2589 995 2644; x_wconf 72' lang='lat' dir='ltr'><strong>tribunatus,</strong></span> <span class='ocrx_word' id='word_1_279' title='bbox 1032 2592 1169 2651; x_wconf 71' lang='lat' dir='ltr'><strong>quam</strong></span> <span class='ocrx_word' id='word_1_280' title='bbox 1203 2590 1243 2635; x_wconf 89' lang='lat' dir='ltr'><strong>si</strong></span> <span class='ocrx_word' id='word_1_281' title='bbox 1273 2589 1347 2635; x_wconf 79' lang='lat' dir='ltr'><strong>lex</strong></span> <span class='ocrx_word' id='word_1_282' title='bbox 1379 2589 1530 2634; x_wconf 89' lang='lat' dir='ltr'><strong>minu-</strong></span> 
     </span>
     <span class='ocr_line' id='line_1_38' title="bbox 62 2650 1526 2716; baseline 0.001 -18"><span class='ocrx_word' id='word_1_283' title='bbox 62 2650 195 2698; x_wconf 87' lang='lat' dir='ltr'><strong>endae</strong></span> <span class='ocrx_word' id='word_1_284' title='bbox 228 2667 326 2698; x_wconf 87' lang='lat' dir='ltr'><strong>suae</strong></span> <span class='ocrx_word' id='word_1_285' title='bbox 357 2652 612 2714; x_wconf 87' lang='lat' dir='ltr'><strong>majestatis</strong></span> <span class='ocrx_word' id='word_1_286' title='bbox 647 2656 782 2699; x_wconf 67' lang='lat' dir='ltr'><strong>causa</strong></span> <span class='ocrx_word' id='word_1_287' title='bbox 818 2654 1109 2716; x_wconf 83' lang='lat' dir='ltr'><strong>promulgata</strong></span> <span class='ocrx_word' id='word_1_288' title='bbox 1141 2654 1345 2708; x_wconf 87' lang='lat' dir='ltr'><strong>ferretur,</strong></span> <span class='ocrx_word' id='word_1_289' title='bbox 1384 2660 1526 2699; x_wconf 64' lang='lat' dir='ltr'><strong>tetenr</strong></span> 
     </span>
     <span class='ocr_line' id='line_1_39' title="bbox 63 2715 1529 2780; baseline 0.001 -18"><span class='ocrx_word' id='word_1_290' title='bbox 63 2715 252 2770; x_wconf 87' lang='lat' dir='ltr'><strong>dissent,</strong></span> <span class='ocrx_word' id='word_1_291' title='bbox 282 2715 472 2762; x_wconf 82' lang='lat' dir='ltr'><strong>victoria</strong></span> <span class='ocrx_word' id='word_1_292' title='bbox 493 2718 754 2763; x_wconf 87' lang='lat' dir='ltr'><strong>certaminis</strong></span> <span class='ocrx_word' id='word_1_293' title='bbox 786 2734 926 2780; x_wconf 90' lang='lat' dir='ltr'><strong>penes</strong></span> <span class='ocrx_word' id='word_1_294' title='bbox 949 2718 1158 2764; x_wconf 89' lang='lat' dir='ltr'><strong>tribunos</strong></span> <span class='ocrx_word' id='word_1_295' title='bbox 1181 2718 1286 2764; x_wconf 84' lang='lat' dir='ltr'><strong>fuit.</strong></span> <span class='ocrx_word' id='word_1_296' title='bbox 1352 2717 1529 2763; x_wconf 90' lang='lat' dir='ltr'><strong>Eodem</strong></span> 
     </span>
     <span class='ocr_line' id='line_1_40' title="bbox 62 2780 1530 2843; baseline 0.001 -17"><span class='ocrx_word' id='word_1_297' title='bbox 62 2795 184 2826; x_wconf 83' lang='lat' dir='ltr'><strong>anno</strong></span> <span class='ocrx_word' id='word_1_298' title='bbox 206 2780 369 2841; x_wconf 88' lang='lat' dir='ltr'><strong>AEquis</strong></span> <span class='ocrx_word' id='word_1_299' title='bbox 390 2797 481 2842; x_wconf 78' lang='lat' dir='ltr'><strong>pax</strong></span> <span class='ocrx_word' id='word_1_300' title='bbox 504 2789 574 2827; x_wconf 86' lang='lat' dir='ltr'><strong>est</strong></span> <span class='ocrx_word' id='word_1_301' title='bbox 595 2782 859 2842; x_wconf 86' lang='lat' dir='ltr'><strong>petentibus</strong></span> <span class='ocrx_word' id='word_1_302' title='bbox 884 2782 1005 2828; x_wconf 86' lang='lat' dir='ltr'><strong>data.</strong></span> <span class='ocrx_word' id='word_1_303' title='bbox 1065 2782 1256 2837; x_wconf 87' lang='lat' dir='ltr'><strong>Census,</strong></span> <span class='ocrx_word' id='word_1_304' title='bbox 1284 2797 1356 2828; x_wconf 88' lang='lat' dir='ltr'><strong>res</strong></span> <span class='ocrx_word' id='word_1_305' title='bbox 1378 2781 1530 2843; x_wconf 87' lang='lat' dir='ltr'><strong>priore</strong></span> 
     </span>
     <span class='ocr_line' id='line_1_41' title="bbox 63 2843 1531 2908; baseline 0 -16"><span class='ocrx_word' id='word_1_306' title='bbox 63 2858 185 2892; x_wconf 83' lang='lat' dir='ltr'><strong>anno</strong></span> <span class='ocrx_word' id='word_1_307' title='bbox 228 2843 455 2899; x_wconf 74' lang='lat' dir='ltr'><strong>inchoata,</strong></span> <span class='ocrx_word' id='word_1_308' title='bbox 502 2846 768 2906; x_wconf 83' lang='lat' dir='ltr'><strong>perficitur3</strong></span> <span class='ocrx_word' id='word_1_309' title='bbox 827 2847 965 2908; x_wconf 89' lang='lat' dir='ltr'><strong>idque</strong></span> <span class='ocrx_word' id='word_1_310' title='bbox 1008 2847 1208 2902; x_wconf 85' lang='lat' dir='ltr'><strong>lustrum</strong></span> <span class='ocrx_word' id='word_1_311' title='bbox 1253 2846 1310 2892; x_wconf 88' lang='lat' dir='ltr'><strong>ab</strong></span> <span class='ocrx_word' id='word_1_312' title='bbox 1355 2846 1531 2908; x_wconf 77' lang='lat' dir='ltr'><strong>origine</strong></span> 
     </span>
     <span class='ocr_line' id='line_1_42' title="bbox 63 2907 1531 2969; baseline 0.003 -15"><span class='ocrx_word' id='word_1_313' title='bbox 63 2907 189 2955; x_wconf 84' lang='lat' dir='ltr'><strong>urbis</strong></span> <span class='ocrx_word' id='word_1_314' title='bbox 212 2907 440 2954; x_wconf 89' lang='lat' dir='ltr'><strong>decimum</strong></span> <span class='ocrx_word' id='word_1_315' title='bbox 463 2908 714 2956; x_wconf 85' lang='lat' dir='ltr'><strong>conditum.</strong></span> <span class='ocrx_word' id='word_1_316' title='bbox 784 2911 990 2958; x_wconf 84' lang='lat' dir='ltr'><strong>Fuerunt</strong></span> <span class='ocrx_word' id='word_1_317' title='bbox 1012 2927 1148 2961; x_wconf 78' lang='lat' dir='ltr'><strong>censa</strong></span> <span class='ocrx_word' id='word_1_318' title='bbox 1179 2910 1345 2957; x_wconf 86' lang='lat' dir='ltr'><strong>civium</strong></span> <span class='ocrx_word' id='word_1_319' title='bbox 1379 2910 1531 2969; x_wconf 69' lang='lat' dir='ltr'><strong>capita</strong></span> 
     </span>
    </p>
   </div>
  </div>
 </body>
</html>
