1897 3287
543 211 708 244 menn
743 212 827 244 111.
866 212 910 243 c.
948 210 1117 244 LXVH.
1470 200 1562 249 297

172 325 372 372 LXVII.
411 325 483 371 Ibi
525 324 574 370 in
623 324 743 371 hanc
794 325 1068 371 sententiam
1112 325 1315 372 locutum
1359 325 1562 389 accipio:

110 395 143 415 ‘⁴
161 390 262 436 Etsi
284 390 397 436 mihi
419 388 589 434 nullius
611 405 745 435 noxae
768 390 991 461 conscius,
1019 389 1235 444 Quirites,
1269 406 1386 445 sum,
1411 397 1566 437 tamen

110 459 143 478 ‘¹
160 470 264 501 cum
307 453 479 514 pudore
514 468 694 498 summo
732 453 781 499 in
816 452 1079 499 concionem
1112 458 1310 498 vestram
1347 455 1563 515 processi.

111 522 143 542 “
162 519 266 565 Hoc
307 533 387 562 vos
433 516 560 571 seire,
606 517 694 563 hoc
732 517 928 579 posteris
966 516 1199 563 memoriae
1234 517 1456 563 traditum
1492 519 1562 572 iri,

111 582 332 642 “AEquos
375 586 423 627 et
462 581 667 636 Volscos,
719 581 795 627 vix
833 581 1047 627 Hernicis
1090 580 1228 626 modo
1268 580 1457 643 pares29,
1507 582 1564 627 Τ.

110 649 143 670 “
161 645 377 700 Quinctio
416 648 628 706 quartum
673 645 872 701 consule,
925 645 984 691 ad
1025 644 1196 691 moenia
1232 645 1360 691 urbis
1405 645 1568 692 Romae

111 709 349 771 “impune
393 716 590 755 armatos
647 710 839 756 venisse.
921 710 1057 756 Hanc
1114 725 1197 770 ego
1251 709 1566 771 ignominiam,

113 777 144 797 “
165 775 444 835 (quanquam
490 773 588 835 jam
633 773 713 819 diu
754 774 822 820 ita
863 773 1084 828 vivitur³⁰‚
1140 774 1179 819 is
1223 779 1373 820 status
1416 789 1569 820 rerum

112 842 144 861 “
158 844 241 892 est,
278 844 330 882 ut
352 837 469 882 nihil
490 838 599 885 boni
632 838 804 884 divinet
837 837 1038 900 animus)
1075 837 1115 884 si
1146 837 1254 884 huic
1275 836 1569 900 potissimtlm

113 902 397 947 “imminere
441 917 560 947 anno
605 903 806 957 scissem,
855 903 926 948 vel
968 902 1140 957 exsfflo,
1197 902 1269 948 vel
1310 908 1471 958 morte,
1531 904 1570 949 si

113 970 145 989 ‘¹
163 966 251 1012 alia
293 966 403 1027 fuga
444 965 631 1011 honoris
675 983 768 1012 non
811 966 981 1021 esset³¹,
1028 966 1259 1012 vitassem.
1340 966 1476 1028 Ergo,
1531 967 1571 1013 si

113 1034 145 1054 “
159 1030 242 1076 viri
264 1046 391 1075 arma
410 1029 526 1075 illa³²
549 1030 830 1085 habuissent,
869 1047 971 1092 quae
993 1031 1042 1076 in
1063 1030 1208 1092 portis
1235 1030 1361 1077 fuere
1382 1030 1567 1086 nostris,

111 1094 263 1156 “capi
286 1095 435 1140 Roma
456 1110 529 1139 me
551 1095 736 1140 consule
771 1094 954 1156 potuit?
1024 1095 1143 1140 Satis
1178 1095 1420 1150 honorum,
1458 1096 1569 1141 satis

113 1163 144 1182 “
160 1174 384 1220 superque
400 1158 522 1213 vitae,
543 1158 694 1204 erat³³.
753 1159 877 1204 Mori
895 1160 1127 1204 consulem
1145 1159 1331 1204 tertium
1349 1159 1567 1221 oportuit.

114 1227 144 1246 ‘⁴
163 1223 312 1277 Quem
346 1222 531 1268 tandem
564 1223 847 1283 ignavissimi
880 1223 1084 1268 hostium
1107 1221 1454 1285 contempsere?
1486 1239 1570 1269 nos

114 1285 401 1332 “consules?
436 1302 493 1332 an
537 1303 617 1332 vos
662 1286 900 1341 Quirites?
969 1288 1016 1333 Si
1056 1286 1190 1348 culpa
1223 1287 1272 1332 in
1306 1287 1440 1332 nobis
1484 1294 1567 1341 est,

113 1351 333 1397 “auferte
367 1350 610 1412 imperium
645 1351 879 1422 indignis;
923 1358 982 1405 et,
1023 1351 1061 1395 si
1099 1351 1148 1396 id
1182 1366 1345 1412 pamm
1382 1358 1464 1406 est,
1503 1352 1571 1396 in-

114 1419 297 1476 “super
338 1430 498 1475 poenas
538 1415 751 1476 expetite.
837 1415 884 1460 Si
919 1415 967 1460 in
1010 1414 1153 1470 vobis,
1203 1430 1338 1460 nemo
1383 1415 1571 1461 deorum

114 1484 242 1525 “nec
264 1478 504 1524 hominum
529 1479 603 1533 sit,
641 1479 720 1541 qui
741 1485 892 1525 vestra
912 1479 1075 1551 puniat
1101 1484 1299 1541 peccat-a,
1338 1479 1568 1533 Quirites3

113 1547 336 1590 “vosmet
372 1546 554 1589 tantum
593 1559 751 1589 eorum
795 1544 1036 1605 poem'teat.
1112 1543 1222 1589 Non
1264 1543 1331 1589 il'li
1373 1550 1572 1589 vestram

115 1611 147 1632 “
162 1607 427 1670 ignaviam³⁴
459 1609 788 1669 contempsere,
823 1623 908 1653 nec
941 1624 1037 1653 suae
1070 1607 1230 1653 virtuti
1251 1607 1411 1654 confisi
1434 1614 1569 1662 sunt;

114 1675 146 1696 “
164 1672 347 1734 quippe,
405 1671 541 1717 toties
589 1671 681 1718 fusi
740 1671 991 1745 fugatique,
1049 1671 1210 1717 castris
1266 1672 1404 1727 exuti,
1464 1688 1572 1752 agro

116 1740 148 1761 “
161 1734 426 1790 mulctat1³⁵,
477 1736 561 1782 sub
598 1735 764 1798 jugum
799 1736 943 1790 missi,
993 1739 1041 1782 et
1085 1752 1133 1782 se
1176 1741 1222 1781 et
1264 1751 1345 1782 vos
1388 1739 1570 1782 novere.

115 1805 148 1825 “
165 1800 406 1847 Discordia
428 1799 640 1846 ordinum
668 1805 738 1847 est
771 1815 997 1846 venenum
1030 1800 1157 1845 urbis
1190 1799 1342 1873 hujus,
1382 1801 1572 1846 Patrum

117 1868 213 1911 “ac
251 1864 397 1926 plebis
431 1864 694 1910 certamina.
776 1864 902 1910 Dum
945 1880 1029 1910 nec
1072 1864 1204 1910 nobis
1247 1865 1440 1926 imperii,
1489 1881 1573 1911 nec

117 1933 148 1953 “
164 1929 292 1975 vobis
330 1928 568 1983 libertatis,
612 1935 683 1975 est
714 1929 894 1983 modus,
931 1928 1042 1974 dum
1075 1928 1218 1975 taedet
1249 1944 1329 1974 vos
1362 1928 1573 1990 patricio-

117 1997 149 2018 “
162 2009 307 2048 orum,
345 1992 471 2039 hos³⁶
509 1993 790 2054 plebeiorum
828 1994 1197 2054 magistratuum,
1249 1993 1473 2039 sustulere
1507 1993 1575 2039 illi

118 2061 149 2082 “
163 2057 354 2104 animos.
426 2056 516 2103 Pro
538 2056 674 2103 desim
697 2057 849 2112 fidem,
888 2057 999 2119 quid
1020 2057 1147 2103 vobis
1170 2055 1341 2103 vultis?
1409 2057 1573 2103 Tribu-

118 2126 247 2167 “nos
268 2121 416 2183 plebis
448 2122 756 2183 concupistis3
794 2121 1047 2167 concordiae
1081 2123 1216 2167 causa
1248 2122 1570 2167 concessimus.

119 2186 456 2232 “Decemviros
479 2185 770 2231 desiderastis
791 2206 802 2241 ;
839 2185 980 2231 creari
1001 2186 1126 2247 passi
1149 2201 1324 2231 sumus,
1382 2186 1573 2232 Decem-

118 2253 150 2274 “
167 2249 368 2295 virorum
389 2265 470 2295 vos
492 2255 741 2312 pertaesum
765 2256 862 2304 est3
889 2251 1119 2311 coegimus
1137 2249 1260 2295 abire
1282 2249 1570 2311 magistratu.

118 2317 151 2339 “
165 2314 385 2360 Manente
407 2314 456 2359 in
479 2313 662 2360 eosdem
684 2314 886 2375 privatos
908 2314 974 2359 ira
995 2315 1157 2368 vestra,
1195 2313 1312 2359 mori
1341 2319 1476 2375 atque
1499 2329 1572 2359 ex-

119 2378 313 2424 “sulare
349 2378 656 2424 nobilissimos
689 2378 808 2424 viros
840 2377 1308 2439 honoratissimosque
1340 2378 1464 2438 passi
1500 2394 1573 2422 su-

120 2445 152 2467 “
168 2459 287 2488 mus.
323 2442 552 2488 Tribunos
574 2443 721 2503 plebis
745 2458 894 2488 creare
915 2442 1082 2487 iterum
1103 2441 1311 2487 voluistis
1331 2461 1343 2497 ;
1370 2441 1570 2487 creastis.

120 2506 389 2552 “Consules
433 2506 620 2552 facere³⁷
664 2513 917 2552 vestrarum
972 2506 1172 2567 partium
1225 2505 1311 2552 etsi
1360 2505 1572 2551 Patribus

122 2574 152 2595 “
169 2570 433 2616 videbamus
476 2570 698 2632 iniquum,
746 2570 989 2631 patricium
1036 2585 1214 2632 quoque
1253 2569 1572 2630 magistratum

120 2637 153 2659 “
166 2634 288 2695 plebi
332 2635 503 2680 donum
545 2635 645 2681 fieri
687 2635 899 2679 vidimus.
980 2634 1217 2680 Auxilium
1260 2633 1567 2686 tribunicium,

122 2702 152 2722 “
168 2699 536 2759 provocationem
586 2699 646 2744 ad
700 2699 936 2760 populum,
996 2699 1109 2744 scita
1163 2697 1309 2759 plebis
1368 2697 1573 2758 injuncta

122 2767 153 2787 “
172 2762 438 2817 Patribus³⁸‚
476 2763 560 2808 sub
593 2763 728 2808 titulo
762 2762 1088 2823 aequandarum
1120 2763 1273 2822 legum
1296 2768 1452 2806 nostra
1467 2761 1573 2822 jura

124 2831 156 2850 “
174 2841 403 2887 oppressa,
443 2827 633 2872 tulimus
673 2833 718 2872 et
752 2826 955 2872 ferimus.
1026 2826 1118 2879 Qui
1152 2826 1257 2870 finis
1291 2824 1375 2870 erit
1405 2824 1572 2870 discor-

121 2888 385 2936 “diarum?
451 2890 699 2953 Ecquando
737 2906 876 2936 unam
920 2889 1077 2935 urbem
1118 2889 1298 2943 habere,
1341 2888 1572 2951 ecquando

1284 2968 1315 2999 o
1352 2955 1379 2998 2
